3020 4958
415 447 622 506 suumruu
640 449 714 506 ura.
726 427 790 507 xv.
808 452 925 508 eo-oa
1119 445 1179 510 311

157 543 272 593 acuas.

157 631 309 695 responsa
331 616 475 673 nosceret
495 606 671 691 percontari
694 604 849 672 Senecam
871 608 1004 674 iubetur.
1031 612 1073 688 is,
1101 613 1182 679 forte

156 728 196 770 an
212 701 363 788 prudens,
383 701 424 766 ad
441 722 515 764 eum
532 700 615 764 diem
634 721 674 767 ex
688 699 864 786 Campania
880 715 1072 768 remeaverat
1089 728 1182 788 quar-

158 809 288 880 tumque
306 795 391 880 apud
402 794 540 878 lapidem
554 792 733 858 suburbano
746 816 817 858 rure
832 794 1026 873 substiterat;
1044 798 1097 862 illo
1111 821 1182 882 pro-

156 892 277 976 pinqua
298 910 432 973 vespera
453 886 596 952 tribunus
622 887 708 952 lenit
734 896 766 951 et
791 888 898 952 villam
920 887 1022 974 globis
1050 891 1182 956 militum

155 985 268 1070 sepsit,
318 993 385 1048 tum
406 983 468 1067 ipsi
489 1005 561 1048 cum
578 981 732 1067 Pompeia
753 981 888 1048 Paulina
909 1007 1006 1050 uxore
1024 995 1056 1050 et
1072 987 1181 1052 amicis
1260 1039 1264 1052 .

156 1077 281 1144 duobus
300 1076 438 1162 epulanti
455 1075 603 1140 mandata
619 1076 813 1161 imperatoris
832 1077 939 1143 edidit.

223 1169 346 1238 Seneca
367 1171 499 1235 missum
517 1170 558 1232 ad
572 1191 606 1234 se
615 1169 759 1235 Natalem
773 1180 1042 1255 conquestumque
1055 1173 1181 1238 nomine
1200 1193 1230 1241 61

155 1264 283 1330 Pisonis
302 1265 387 1347 quod
409 1264 576 1331 avisendo
597 1286 636 1328 eo
657 1263 887 1348 prohiberetur,
915 1288 1011 1349 seque
1028 1269 1181 1332 rationem

155 1358 336 1423 valitudinis
359 1367 390 1422 et
411 1379 548 1422 amorem
572 1357 685 1440 quietis
708 1359 909 1424 excusavisse
930 1361 1103 1445 respondit;
1126 1384 1182 1426 cur

157 1453 291 1518 salutem
307 1452 420 1537 privati
437 1451 573 1516 hominis
591 1451 796 1518 incolumitati
815 1475 890 1518 suae
908 1455 1084 1533 anteferret,
1108 1478 1181 1521 cau-
1251 1457 1257 1468 “

157 1570 225 1611 sam
243 1569 308 1612 non
325 1544 488 1623 habuisse,
511 1568 570 1610 nec
587 1544 649 1610 sibi
664 1561 846 1631 promptum
866 1547 900 1610 in
922 1549 1116 1614 adulationes
1134 1551 1181 1615 in-

155 1641 294 1726 genium,
313 1638 406 1723 idque
423 1639 501 1703 nulli
517 1640 620 1725 magis
638 1661 771 1726 gnarum
789 1662 883 1724 quam
896 1642 1021 1721 Neroni,
1041 1644 1096 1726 qui
1113 1667 1181 1709 sae-

156 1735 227 1819 pius
250 1732 425 1798 libertatem
449 1731 589 1798 Senecae
615 1755 710 1817 quam
737 1735 896 1801 servitium
919 1747 1063 1822 expertus
1087 1749 1178 1806 esset.

156 1829 211 1893 ubi
228 1828 307 1892 baec
320 1851 340 1892 a
357 1826 481 1892 tribuno
493 1828 591 1893 relata
604 1837 677 1892 sunt
685 1826 836 1913 Poppaea
848 1840 880 1894 et
889 1830 1046 1916 Tigellino
1064 1854 1178 1910 coram,

155 1923 317 2006 quoderat
331 1922 482 1989 saevienti
493 1921 625 2007 principi
639 1922 782 1987 intimum
793 1923 1001 2000 consiliorum,
1011 1925 1180 2010 interrogat

155 2040 196 2080 an
207 2013 330 2082 Seneca
338 2016 547 2081 voluntariam
560 2027 691 2082 mortem
704 2025 837 2102 pararet.
856 2027 923 2080 tum
937 2015 1079 2082 tribunus
1093 2019 1180 2082 nulla

60 2118 73 2146 '
154 2110 281 2195 pavoris
299 2110 399 2196 signa,
418 2109 495 2174 nihil
513 2111 599 2176 triste
617 2111 649 2176 in
666 2109 771 2175 verbis
786 2110 853 2175 eius
872 2119 925 2174 aut
942 2109 1031 2174 vultu
1048 2111 1181 2196 depren-

155 2226 227 2268 sum
245 2203 448 2268 confirmavit.
467 2226 542 2290 ergo
560 2205 683 2290 regredi
700 2213 731 2268 et
747 2204 883 2268 indicere
897 2212 1028 2268 mortem
1045 2204 1178 2270 iubetur.

155 2299 249 2362 tradit
257 2297 376 2363 Fabius
385 2299 535 2362 Rusticus
553 2321 616 2364 non
633 2321 671 2363 eo
688 2320 751 2381 quo
769 2307 896 2363 venerat
912 2298 1021 2364 itinere
1035 2299 1179 2377 reditum,

156 2392 213 2456 sed
230 2392 355 2456 flexisse
374 2393 414 2456 ad
425 2392 579 2456 Faenium
596 2392 799 2477 praefectum,
819 2401 850 2456 et
868 2392 1017 2478 expositis
1033 2391 1179 2458 Caesaris

155 2486 251 2550 iussis
270 2509 311 2548 an
328 2484 556 2570 obtemperaret
572 2486 827 2571 interrogavisse,
851 2487 1065 2571 monitumque
1083 2486 1124 2553 ab
1143 2509 1179 2553 eo

156 2591 190 2645 ut
208 2590 427 2663 exequeretur,
454 2579 543 2644 fatali
560 2580 698 2644 omnium
715 2580 857 2666 ignavia3
884 2603 957 2646 nam
980 2592 1011 2646 et
1029 2580 1178 2648 Silvanus

156 2675 237 2738 inter
254 2673 430 2738 coniuratos
449 2682 515 2738 erat
532 2671 730 2760 augebatque
748 2675 866 2740 seelera
886 2675 1070 2759 inquorum
1089 2677 1181 2741 ultio-

156 2789 229 2833 nem
247 2777 446 2832 consenserat
451 2792 460 2845 3
478 2767 549 2832 voci
566 2777 670 2831 tamen
688 2776 719 2832 et
736 2769 877 2852 aspectui
891 2770 1029 2854 pepercit
1042 2770 1181 2834 intromi-

158 2862 259 2944 sitque
277 2861 317 2924 ad
336 2859 488 2926 Senecam
508 2883 605 2924 unum
623 2883 663 2925 ex
681 2860 922 2938 centurionibus,
941 2863 995 2943 qui
1012 2863 1181 2927 necessita·

157 2966 220 3020 tem
238 2954 378 3020 ultimam
396 2955 600 3021 denuntiaret.

220 3049 278 3113 Ille
295 3049 452 3114 interritus
470 3049 572 3134 poscit
590 3049 766 3112 testamenti
784 3046 921 3124 tabulas3
948 3069 985 3111 ac
1003 3047 1178 3132 denegante
1198 3069 1229 3116 aa

157 3143 335 3208 centurione
363 3165 531 3208 conversus
560 3143 600 3206 ad
622 3142 753 3219 amicos,
781 3140 906 3224 quando
932 3140 1050 3205 meritis
1073 3161 1184 3204 eorum.

156 3237 272 3302 referre
293 3237 426 3324 gratiam
451 3235 681 3321 prohiberetur,
708 3237 793 3318 quod
818 3257 917 3299 unum
938 3235 1002 3300 iam
1023 3243 1055 3298 et
1076 3243 1181 3298 tamen

156 3331 399 3417 pulcherrimum
416 3331 543 3407 habeat,
566 3329 736 3416 imaginem
752 3329 835 3393 vitae
852 3350 928 3393 suae
945 3328 1118 3412 relinquere
1136 3337 1181 3394 te-

158 3435 270 3502 statur,
289 3425 377 3489 cuius
396 3425 424 3488 si
440 3447 595 3489 memores
614 3432 733 3501 essent,
751 3423 906 3488 bonarum
922 3423 1035 3488 artium
1052 3422 1180 3499 famam,

158 3527 223 3582 tum
249 3518 419 3584 constantis
446 3518 599 3583 amicitiae
625 3517 753 3584 laturos.
785 3517 878 3583 simul
903 3518 1047 3584 lacrimas
1074 3541 1180 3582 eorum

157 3613 251 3678 modo
270 3635 424 3690 sermone,
443 3615 538 3678 modo
560 3615 706 3679 intentior
726 3615 760 3678 in
782 3614 911 3678 modum
928 3615 1113 3688 coercentis,
1141 3612 1181 3702 ad

157 3706 379 3772 firmitudinem
404 3717 543 3784 revocat,
569 3708 709 3794 rogitans
737 3706 791 3772 ubi
812 3718 978 3791 praecepta
1000 3704 1179 3789 sapientiae,

158 3798 213 3864 ubi
226 3809 270 3864 tot
281 3822 339 3886 per
351 3823 451 3866 annos
465 3802 614 3866 meditata
626 3801 705 3864 ratio
719 3801 884 3864 adversum
902 3795 1113 3861 imminentia?
1131 3795 1181 3858 cui

157 3894 248 3958 enim-
262 3894 403 3981 ignaram
425 3897 524 3961 fuisse
546 3896 709 3960 saevitiam
726 3891 878 3958 Neronis?
903 3912 1004 3974 neque
1027 3888 1112 3953 aliud
1130 3911 1182 3950 su-

157 4010 285 4072 peresse
296 4001 369 4075 post
386 4000 518 4057 matrem
535 3989 725 4072 fratremque
742 3984 923 4050 interfectos
941 4007 1035 4066 quam
1053 3993 1088 4045 ut
1106 3983 1182 4045 edu-

158 4082 271 4148 catoris
289 4085 561 4169 praeceptorisque
579 4104 689 4147 necem
707 4080 852 4144 adiceret.
924 4125 927 4134 ,

222 4175 289 4240 Ubi
307 4176 383 4242 haee
402 4187 495 4262 atque
514 4178 587 4243 talia
600 4176 685 4240 velut
699 4175 730 4238 in
744 4193 908 4238 commune
922 4170 1078 4248 disseruit,
1097 4193 1181 4234 com·
1200 4186 1231 4236 63
