2958 4960
398 433 607 492 ausanium
625 434 699 489 Lm.
713 435 766 490 111.
783 435 870 490 a-o.
1101 423 1143 490 83

115 541 135 579 p.
145 527 186 569 ca.
196 529 234 568 ao.

174 595 262 660 Dies
280 615 346 678 quo
363 589 515 675 reliquiae
528 589 648 655 tumulo
660 589 800 677 Augusti
813 589 1033 672 inserebantur,
1051 595 1145 660 modo
1164 615 1179 661 a

113 711 167 775 per
185 688 350 754 silentium
363 695 482 763 vastus,
501 685 594 749 modo
606 686 778 769 ploratibus
794 686 932 768 inquies;
949 687 1043 772 plena
1058 689 1145 754 urbis

113 785 239 860 itinera,
264 781 468 847 conlucentes
485 801 542 864 per
557 801 703 864 campum
721 778 834 845 Martis
852 781 954 857 faces3
975 781 1039 846 illic
1056 783 1146 848 miles

113 899 184 941 cum
202 877 321 953 armis,
345 875 413 940 sine
430 872 607 959 insignibus
629 873 845 959 magistratus,
868 876 1003 960 populus
1020 897 1078 961 per
1094 877 1148 941 tri·

113 971 170 1040 bus
188 970 372 1036 concidisse
389 967 638 1053 rempublicam,
657 967 734 1032 nibil
752 969 819 1054 spei
837 970 992 1052 reliquum
1009 971 1148 1035 clamita-

113 1064 201 1143 bant,
226 1063 407 1150 promptius
430 1062 629 1146 apertiusque
651 1083 746 1144 quam
764 1072 799 1126 ut
820 1062 1001 1128 meminisse
1022 1063 1148 1151 imperi-

113 1160 248 1222 tantium
271 1158 427 1222 crederes.
453 1156 530 1219 nihil
548 1165 653 1219 tamen
670 1155 832 1221 Tiberium
854 1157 956 1243 magis
973 1157 1148 1242 penetravit

113 1273 207 1335 quam
227 1252 337 1316 studia
353 1249 514 1314 hominum
527 1270 660 1313 accensa
677 1249 709 1312 in
722 1248 941 1336 Agrippinam,
960 1273 1032 1316 cum
1049 1252 1146 1316 decus

113 1346 246 1428 patriae,
277 1343 382 1409 solum
406 1341 547 1428 Augusti
574 1341 772 1430 sanguinem,
800 1344 927 1408 unicum
953 1343 1146 1428 antiquitatis

114 1438 276 1521 specimen
291 1433 483 1522 appellarent
496 1435 640 1518 versique
654 1436 695 1500 ad
708 1436 828 1500 caelum
846 1459 884 1502 ae
901 1438 977 1503 dces
990 1437 1146 1524 integram

114 1530 156 1604 illi
173 1530 324 1596 subolem
342 1552 379 1594 ac
397 1528 595 1615 superstitem
613 1529 789 1614 iniquorum
806 1541 1015 1615 precarentur.

173 1624 285 1688 Fuere
302 1624 358 1707 qui
374 1622 492 1708 publici
510 1622 627 1688 funeris
645 1645 793 1709 pompam
811 1625 1001 1708 requirerent
1018 1647 1146 1712 compa-
1164 1645 1180 1694 5

115 1727 285 1800 rarentque
302 1738 384 1800 quae
401 1717 435 1781 in
450 1715 608 1793 Drusum,
627 1726 747 1802 patrem
767 1715 960 1796 Germanici,
978 1718 1097 1784 honora
1114 1727 1147 1784 et

115 1811 286 1896 magnifica
315 1811 484 1895 Augustus
515 1809 657 1876 fecisset:
693 1811 796 1896 ipsum
827 1811 944 1897 quippe
974 1813 1145 1898 asperrimo
1227 1885 1230 1888 ,

115 1901 225 1968 hiemis
245 1903 397 1966 Ticinum
417 1925 519 1986 usque
540 1923 742 1990 progressum
764 1925 866 1988 neque
888 1904 1109 1970 abscedentem
1126 1927 1146 1968 a

115 2017 244 2081 corpore
268 1995 364 2061 simul
384 1996 495 2074 urbem
516 1997 696 2076 intravisse3
720 1997 925 2062 circumfusas
947 1997 1029 2064 lecto
1048 1996 1145 2063 Clau-

116 2089 236 2153 diorum
249 2090 466 2175 Iuliorumque
483 2090 649 2176 imagines3
668 2091 815 2156 defletum
832 2092 866 2156 in
883 2091 962 2169 foro,
981 2091 1144 2155 laudatum

116 2203 170 2264 pro
190 2184 321 2261 rostris3
345 2194 457 2248 cuncta
479 2206 498 2247 a
518 2183 688 2250 maioribus
710 2196 834 2271 reperta
850 2194 905 2249 aut
926 2205 1006 2268 quae
1028 2184 1146 2270 posteri

117 2275 307 2354 invenerint,
331 2277 501 2342 cumulata:
525 2287 557 2342 at
576 2275 764 2346 Germanico
785 2301 825 2344 ne
843 2279 951 2344 solitos
970 2279 1096 2363 quidem
1114 2289 1146 2343 et

118 2369 304 2454 cuicumque
323 2371 420 2436 nobili
438 2371 558 2436 debitos
576 2372 711 2438 honores
729 2373 907 2459 contigisse.
935 2396 1011 2439 sane
1029 2394 1143 2458 corpus

118 2461 155 2526 ob
176 2464 442 2550 longinquitatem
463 2464 608 2530 itinerum
631 2467 767 2532 externis
790 2467 879 2531 terris
901 2489 1026 2552 quoquo
1048 2467 1144 2533 modo

119 2569 305 2634 crematum3
330 2558 385 2622 sed
403 2568 490 2622 tanto
506 2559 597 2644 plura
618 2560 731 2624 decora
752 2583 826 2625 mox
847 2560 941 2626 tribui
958 2583 1016 2648 par
1032 2562 1142 2638 fuisse,

118 2661 231 2730 quanto
244 2651 349 2736 prima
365 2650 431 2716 sors
443 2653 637 2738 negavisset:
656 2676 719 2718 non
735 2653 873 2731 fratrem,
888 2655 954 2720 'nisi
970 2655 1063 2720 unius
1081 2654 1144 2718 dici

118 2742 175 2820 iia,
193 2767 261 2809 non
276 2755 424 2829 patruum
442 2745 553 2809 saltem
568 2756 660 2831 porta
677 2759 768 2812 tenus
786 2747 928 2826 obvium3
946 2748 1001 2813 ubi
1018 2748 1073 2812 illa
1089 2769 1145 2812 re-

119 2844 216 2901 terum
229 2838 383 2914 instituta,
401 2839 593 2923 propositam
607 2849 674 2905 toro
688 2841 836 2928 effigiem,
854 2842 1004 2906 meditata
1020 2841 1062 2906 ad
1079 2863 1144 2904 mc-

119 2931 247 2995 moriam
273 2931 397 2996 rimulis
424 2933 561 2996 carmina
583 2944 613 2998 et
634 2934 844 3012 laudationes,
872 2945 903 2999 et
928 2934 1071 2998 lacrimas
1094 2933 1145 2996 vel

119 3021 230 3089 doloris
253 3024 466 3089 imitamenta?
491 3048 622 3112 gnarum
644 3027 681 3092 id·
699 3026 827 3091 Tiberio
852 3026 926 3104 fuit3
952 3037 1050 3108 utque
1074 3045 1178 3110 pre-s

119 3129 213 3182 meret
235 3118 325 3204 vulgi
351 3141 524 3197 sermones,
552 3122 673 3186 monuit
698 3121 800 3186 edicto
825 3121 941 3187 multos
967 3120 1145 3184 inlustrium

120 3209 332 3277 Romanorum
355 3212 396 3279 ob
417 3236 484 3278 rem
505 3215 662 3300 publicam
684 3215 805 3293 obisse,
827 3215 984 3281 neminem
1006 3223 1069 3278 tam
1088 3213 1144 3278 lla-

121 3307 218 3386 gmnti
236 3306 392 3371 desiderio
411 3307 609 3386 celebratum,
627 3308 723 3393 idque
741 3319 772 3374 et
790 3308 851 3374 sibi
868 3319 900 3374 et
913 3308 1036 3374 cunctis
1055 3330 1149 3395 egre«

120 3397 215 3480 giam
236 3401 264 3464 si
282 3402 395 3465 modus
414 3403 598 3480 adiceretur3
621 3405 785 3469 nonenim
803 3406 912 3470 eadem
930 3405 1043 3470 decora
1059 3405 1145 3490 prin-

121 3491 237 3576 cipibus
260 3495 337 3560 viris
356 3506 387 3560 et
403 3497 720 3584 imperatoripopulo
743 3522 822 3583 quae
844 3499 974 3565 modicis
996 3499 1143 3565 domibus

120 3597 169 3650 aut
182 3589 373 3655 civitatibus.
392 3593 575 3657 convenisse
588 3594 705 3658 recenti
718 3595 817 3660 dolori
828 3595 947 3660 luctum
960 3603 992 3658 et
1005 3617 1044 3658 ex
1058 3616 1144 3658 mac-

120 3701 183 3746 rore
196 3683 326 3762 solatia3
345 3686 400 3750 sed
413 3687 612 3751 referendum
624 3688 687 3751 iam
700 3688 838 3752 animum
852 3689 893 3752 ad
909 3687 1141 3761 firmitudinem,

120 3782 151 3836 ut
166 3778 327 3859 quondam
344 3779 435 3844 divus
454 3781 553 3844 Iulius
571 3781 688 3846 amissa
705 3783 798 3846 unica
814 3782 892 3855 fitia,
910 3789 947 3842 ut
963 3778 1055 3842 divus
1073 3777 1144 3840 Au·

120 3881 225 3952 gustus
248 3873 365 3957 ereptis
388 3874 554 3958 nepotibus
577 3874 783 3940 abstruserint
804 3871 974 3946 tristitiam
997 3869 1041 3934 nil
1063 3891 1142 3954 opus

120 3963 339 4029 vetustioribus
357 3968 522 4052 exemplis:
541 3968 685 4050 quotiens
703 3966 838 4052 populus
856 3965 1018 4028 Romanus
1037 3963 1142 4028 clades

121 4058 323 4134 exercituum,
349 4059 508 4124 interitum
534 4061 664 4138 ducum,
695 4060 836 4124 funditus
863 4056 995 4122 amissas
1021 4057 1141 4122 nobiles

119 4143 248 4216 familias
268 4162 448 4218 constanter
465 4154 578 4220 tulerit.
600 4155 756 4240 principes
774 4150 934 4228 mortales,
952 4173 1017 4216 rem
1039 4152 1143 4239 publi·-

927 4253 969 4319 a*
