3042 4956
399 461 608 521 ANNALIUM
626 463 700 518 LlB.
715 463 767 518 XI.
785 465 905 520 28-32.
1103 454 1165 520 195

135 569 158 608 p.
168 557 207 598 Ch.
217 557 252 597 48.

133 624 286 691 adulteria
304 621 501 688 obiecturum
518 621 575 698 ait,
598 623 711 686 nedum
730 621 873 699 domum,
893 623 1019 688 servitia
1036 632 1067 688 et
1084 634 1166 690 cete-

132 743 182 785 ros
196 719 347 784 fortunae
356 726 482 800 paratus
496 725 689 800 reposeerct3
704 715 1037 782 fruereturimmohis:
1051 727 1083 782 at
1095 719 1167 783 red-

133 815 217 879 deret
244 833 381 876 uxorem
401 820 621 895 rumperetque
643 809 767 874 tabulas
793 811 963 895 nuptiales:
991 835 1052 891 „an
1073 813 1167 878 disei-

133 908 244 972 dium“
258 905 364 988 inquit
378 913 486 982 „tuum
494 904 595 968 nosti?
612 927 686 968 nam
695 904 927 968 matrimonium
938 903 1008 972 Silii
1021 905 1098 970 vidit
1110 927 1167 992 po·

133 1003 224 1088 pulus
239 1011 271 1064 et
286 1008 415 1064 senatus
429 1007 460 1062 et
477 997 566 1061 miles
572 1022 581 1075 3
600 1019 638 1062 ac
655 998 688 1061 ni
704 1019 837 1083 propere
855 999 934 1085 agis,
954 1008 1039 1064 tenet
1055 999 1165 1065 urbem

134 1096 298 1162 maritus.“

195 1188 284 1252 Tum
302 1185 480 1272 potissimos
503 1185 673 1249 amicorum
695 1194 786 1250 vocat
792 1211 800 1262 ;
823 1186 1020 1270 primumque
1037 1186 1083 1252 rei
1100 1186 1166 1252 fru·
1182 1206 1212 1254 31

133 1281 305 1346 mentariae
313 1279 711 1364 praefectumTurranium,
721 1279 934 1366 posthsium
941 1279 1065 1359 Getam,
1075 1303 1165 1368 prae·

133 1375 263 1440 torianis
286 1373 471 1458 inpositum,
493 1383 708 1458 percontatum
734 1375 804 1458 quis
828 1375 999 1442 fatentibus
1022 1377 1164 1442 certatim

132 1469 229 1534 ceteri
251 1468 527 1552 circumstrepunt:
554 1468 613 1532 iret
628 1468 668 1546 in
688 1479 804 1547 castra,
830 1471 968 1535 firmaret
992 1472 1163 1556 praetorias

132 1563 294 1639 cohortes,
318 1562 476 1626 securitati
494 1570 565 1626 ante
588 1583 684 1644 quam
701 1562 855 1628 vindictae
874 1565 1058 1630 consuleret.
1087 1565 1163 1630 satis

131 1666 256 1723 constat
275 1678 313 1720 eo
331 1677 449 1740 pavore
468 1655 606 1719 offusum
625 1653 807 1733 Claudium,
829 1667 864 1722 ut
882 1658 1052 1723 identidem
1069 1659 1164 1724 inter-

131 1760 258 1838 rogaret
276 1773 317 1814 an
334 1750 402 1834 ipse
420 1751 542 1836 imperii
558 1761 685 1835 potens,
704 1775 745 1815 an
764 1750 861 1818 Silius
879 1755 1019 1838 privatus
1038 1765 1131 1821 esset.

194 1844 243 1910 At
256 1844 432 1908 Messalina
448 1867 512 1908 non
530 1844 606 1909 alias
626 1845 756 1910 solutior
768 1846 855 1924 luxu,
874 1848 980 1914 adulto
994 1860 1163 1915 auctumnc

132 1939 336 2004 simulacrum
346 1937 519 2002 vindemiae
527 1960 585 2024 per
593 1940 721 2005 domum
730 1940 921 2007 celebrabat:
934 1944 1038 2028 urgeri
1046 1943 1162 2027 praela,

130 2033 228 2098 fluere
246 2033 350 2110 lacus3
373 2042 405 2097 et
422 2032 557 2098 feminae
574 2033 709 2119 pellibus
732 2035 890 2098 accinctae
913 2035 1112 2100 adsultabant
1129 2046 1164 2100 nt

132 2128 345 2195 sacrificantes
359 2127 410 2191 vel
422 2127 613 2193 insanientes
623 2128 783 2206 Bacchae3
797 2129 867 2213 ipsa
876 2129 959 2194 crine
968 2130 1063 2207 fluxo,
1078 2129 1164 2215 thyr-

132 2247 203 2289 sum
221 2222 381 2306 quatiens,
404 2222 553 2305 iuxtaque
573 2220 671 2288 Silius
690 2223 807 2288 hedera
823 2223 962 2301 vinctus,
985 2247 1093 2310 gerere
1112 2247 1164 2289 co-

131 2319 279 2392 thum0s‚
311 2315 412 2380 iacere
438 2326 545 2402 caput,
578 2327 733 2403 strepente
760 2318 877 2382 circum
907 2319 1032 2402 procaci
1058 2318 1161 2384 choro.

131 2413 238 2478 icrunt
259 2410 402 2479 Vettium
424 2410 591 2476 Valentem
613 2412 743 2476 lascivia
768 2413 802 2477 in
826 2414 997 2498 praealtam
1019 2413 1162 2479 arborem

132 2507 308 2583 connisum,
322 2505 595 2592 interrogantibus,
610 2507 686 2590 quid
699 2508 861 2592 aspiceret,
875 2509 1075 2593 respondisse
1084 2517 1163 2575 tem-

131 2611 288 2686 pestatem
306 2598 346 2664 ab
365 2597 458 2665 Ostia
475 2611 626 2688 atrocem,
650 2602 716 2666 sive
735 2612 879 2688 coeperat
896 2604 1086 2689 esa-species,
1106 2625 1163 2669 seu

131 2696 212 2761 sorte
230 2695 322 2780 lapsa
338 2717 402 2759 vox
418 2695 452 2758 in
468 2696 669 2782 praesagium
687 2697 788 2772 vertit.

195 2789 270 2854 Non
291 2811 397 2852 rumor
417 2789 549 2866 interea,
573 2789 630 2853 sed
647 2790 784 2873 undique
801 2791 902 2855 nuntii
923 2792 1085 2868 incedunt,
1108 2790 1163 2874 qui
1180 2807 1212 2856 32

131 2907 232 2970 gnara
247 2881 381 2947 Claudio
396 2892 508 2947 cuncta
522 2892 553 2948 et
567 2883 673 2948 venire
690 2895 870 2968 promptum
884 2883 994 2949 ultioni
1006 2885 1161 2948 afferrent.

131 2979 230 3064 igitur
241 2976 416 3041 Messalina
428 2977 633 3042 Lucullianos
647 2978 679 3040 in
692 2976 809 3053 hortos,
826 2974 923 3042 Silius
937 2976 1162 3041 dissimulando

132 3081 220 3135 metu
238 3071 279 3134 ad
297 3071 403 3134 munia
420 3070 481 3134 fori
498 3071 729 3156 digrediuntur3
753 3070 863 3133 ceteris
885 3069 1005 3154 passim
1023 3067 1163 3132 dilaben-

132 3165 217 3230 tibus
241 3164 370 3228 adfuere
392 3165 602 3242 centuriones,
626 3165 787 3246 inditaque
806 3171 879 3226 sunt
900 3161 1016 3238 vincla,
1038 3170 1075 3224 ut
1091 3161 1162 3243 quis

131 3257 346 3343 reperiebatur
362 3258 395 3322 in
407 3258 533 3343 publico
551 3269 606 3323 aut
618 3282 675 3344 per
687 3257 837 3322 latebras:
856 3256 1031 3322 Messalina
1048 3265 1161 3332 tamen,

133 3375 326 3436 quamquam
343 3375 394 3417 res
413 3354 562 3418 adversae
582 3353 746 3418 consilium
764 3353 947 3429 eximerent,
970 3352 1015 3416 ire
1038 3349 1163 3416 obviam

134 3459 166 3512 et
182 3448 283 3533 aspici
300 3472 320 3512 a
336 3448 461 3526 marito,
486 3449 571 3531 quod
589 3472 682 3534 saepe
701 3448 876 3514 subsidium
894 3447 1059 3524 habuerat,
1077 3445 1164 3512 haud

134 3541 273 3628 segniter
281 3541 421 3618 intendit,
436 3543 582 3625 misitque
592 3551 625 3606 ut
634 3543 834 3608 Britannicus
849 3552 880 3607 et
890 3540 1025 3608 Octavia
1037 3542 1070 3605 in
1079 3563 1164 3606 eom-

133 3637 262 3722 plexum
276 3637 372 3720 patris
385 3647 565 3722 pergerent3
584 3647 615 3701 et
628 3637 797 3714 Vibidiam,
817 3637 974 3723 virginum
987 3635 1163 3700 Vestalium

133 3730 394 3807 vetustissimam,
418 3731 518 3794 oravit
539 3732 694 3816 pontificis
717 3732 847 3795 maximi
869 3753 961 3794 aures
979 3729 1079 3804 adire,
1103 3728 1164 3790 cle-

133 3824 284 3888 mentiam
302 3833 460 3908 expetere3
484 3834 577 3907 atque
595 3826 732 3902 interim,
753 3823 851 3888 tribus
870 3823 995 3888 omnino
1014 3820 1164 3885 comitan-

134 3919 218 3982 tibus
237 3957 279 3966 -
296 3919 329 3981 id
350 3930 477 4002 repente
501 3919 675 3984 solitudinis
699 3928 765 3982 erat
782 3957 824 3965 —
843 3917 979 4001 spatium
1001 3913 1087 3978 urbis
1109 3935 1165 3998 pe-

135 4012 227 4078 dibus
241 4035 378 4089 emensa,
397 4013 541 4078 vehiculo
559 4037 621 4097 quo
634 4020 842 4099 purgamenta
854 4011 1014 4075 hortorum
1029 4007 1164 4093 eripiun-

135 4116 193 4185 tur,
215 4105 398 4172 Ostiensem
414 4107 496 4171 viam
513 4108 617 4184 intrat,
637 4107 722 4171 nulla
740 4106 925 4188 cuiusquam
942 4102 1161 4175 misericordia,

136 4202 209 4284 quia
225 4201 416 4287 flagritiorum
434 4200 615 4266 deformitas
634 4198 842 4286 praevalebat.

932 4299 992 4368 13*
