3020 4958
408 417 615 476 Αιιιιιιιιιι
631 417 706 474 nus.
720 417 799 476 XIV.
817 417 937 474 59-61.
1120 405 1181 474 281

125 547 129 556 ,
153 511 229 564 μοι.
240 513 273 552 ιιι.

153 582 290 657 obicere,
310 578 545 662 destinamrque
557 597 631 641 reus
649 585 856 663 cognomento
869 576 1042 654 Eucaerus,
1060 577 1184 642 natione

153 673 399 750 Alexandrinas,
417 693 528 736 canere
545 671 630 736 tibiis
648 671 769 736 doctus.
793 680 880 736 actae
898 669 938 737 ob
956 671 990 735 id
1007 671 1047 736 de
1064 672 1184 738 ancillis

154 768 373 854 quaestiones,
396 774 428 830 et
444 765 477 830 vi
493 772 720 830 tormentorum
737 765 828 830 victis
846 764 1036 849 quibusdam
1053 777 1087 829 ot
1103 765 1185 830 falsa

154 869 339 938 annuerent,
357 861 463 946 plures
476 859 639 945 perstitere
657 859 853 924 sanctitatem
870 859 1016 924 dominae
1032 858 1127 935 tueri;
1146 880 1185 922 ex

153 956 273 1040 quibus
291 978 356 1018 una
367 954 495 1018 instanti
508 953 665 1040 Tigellino
678 953 813 1018 castiora
825 975 896 1020 esse
909 952 1074 1020 muliebria
1088 950 1186 1018 Octa

153 1051 226 1114 viae
244 1048 410 1134 respondit
431 1069 580 1130 quernos
598 1048 677 1112 eius.
704 1057 848 1114 movetur
869 1058 974 1113 tamen
990 1047 1091 1134 primo
1109 1046 1186 1110 eivi-

153 1145 194 1208 lis
217 1142 344 1208 discidii
365 1141 470 1229 specie
496 1142 687 1225 domumque
708 1141 817 1220 Βιιιιι,
843 1142 972 1228 praedia
993 1141 1147 1218 Plauti,
1138 1164 1186 1204 ιιι-

154 1239 264 1302 fausta
281 1237 373 1313 dona,
392 1235 517 1322 accipit3
535 1258 611 1301 mox
627 1235 661 1300 in
680 1190 888 1322 Campaniam
905 1236 999 1322 pulsa
1015 1245 1064 1300 est
1081 1234 1187 1299 addita

154 1332 286 1398 militari
303 1331 458 1409 custodia;
481 1331 554 1396 inde
572 1329 673 1396 crebri
690 1341 821 1415 questus
838 1353 897 1396 nec
914 1330 1029 1396 occulti
1044 1351 1101 1416 per
1117 1327 1187 1393 vul·

155 1450 245 1513 gum,
265 1425 317 1490 cui
333 1424 434 1490 minor
447 1425 599 1510 sapientia
616 1437 644 1490 et
662 1447 702 1490 ex
718 1425 931 1490 mediocritate
948 1424 1091 1490 fortunae
1108 1443 1187 1509 pau-

156 1521 244 1586 ciora
254 1519 395 1605 pericula
408 1530 494 1582 sunt:
507 1519 557 1584 bis
571 1540 764 1603 quamquam
776 1519 860 1584 Nero
873 1517 1062 1605 paenitentia
1075 1515 1187 1603 flagitii

158 1613 238 1700 [noa
254 1625 386 1678 mutatus
408 1616 543 1678 coactori
560 1625 660 1678 tomm
682 1617 787 1700 coepit.
809 1618 897 1680 unde*
908 1625 1023 1680 moesto
1039 1613 1187 1699 Poppaeo

157 1721 186 1772 et
196 1708 303 1794 falsus
311 1729 369 1793 per
385 1708 489 1772 urbem
500 1731 614 1782 rumor,
631 1731 703 1773 moa·
716 1731 876 1774 macerare
889 1721 916 1773 et
929 1703 1072 1793 clamore]
1093 1728 1187 1786 „oon-

157 1802 267 1888 iugem
288 1800 446 1865 revocavit
464 1798 662 1866 Octaviam.“
694 1799 779 1866 exim
794 1802 869 1867 lasti
887 1801 1078 1888 Capitolirun
1097 1813 1187 1866 scan-
1205 1819 1235 1866 sl

157 1896 238 1959 dunt
255 1895 394 1978 deosque
416 1895 543 1960 tandem
563 1905 765 1975 venerantum
789 1896 912 1983 effigies
929 1896 1098 1982 Poppaeae
1114 1916 1188 1979 pro-

156 1997 263 2065 ruunt,
283 1986 435 2054 Octaviae
451 1988 605 2076 imagines
623 1998 748 2076 gestant
764 1990 917 2067 humeris,
937 2000 1089 2076 spargunt
1105 1987 1188 2052 flori-

157 2083 220 2148 bus
242 2082 374 2166 foroque
395 2104 433 2146 ao
454 2083 579 2168 templis
603 2093 757 2162 statuunt3
784 2083 847 2148 itur
869 2083 963 2147 etiam
984 2083 1016 2146 in
1038 2080 1187 2168 principis

155 2177 269 2242 laudes
289 2172 469 2261 [repetitum
484 2175 727 2264 venerantium}
749 2179 875 2262 iamque
892 2186 923 2242 et
940 2176 1091 2262 palatium
1108 2173 1189 2238 mul-

158 2269 292 2335 titudine
317 2279 348 2334 et
374 2269 563 2336 clamoribus
590 2272 802 2357 complebant,
830 2293 903 2336 cum
925 2270 1033 2335 emissi
1054 2267 1188 2333 militum
1261 2277 1274 2316 ἰ

158 2363 247 2451 globi
265 2362 447 2428 verberibus
466 2373 497 2428 et
513 2364 633 2430 intento
651 2366 734 2432 ferro
748 2363 888 2432 turbatos
907 2365 1068 2442 disiecere,
1086 2370 1188 2427 muta-

158 2470 254 2542 taque
271 2478 352 2541 quae
368 2479 426 2542 per
449 2458 634 2524 seditionem
655 2469 825 2538 verterant,
850 2469 881 2524 et
897 2459 1066 2545 Poppaeae
1087 2457 1188 2520 bonos

158 2551 316 2638 repositus
335 2560 392 2615 est.
419 2572 500 2635 quae
519 2574 643 2639 semper
665 2554 751 2632 odio,
773 2563 842 2620 tum
863 2563 894 2620 et
915 2563 1002 2618 metu
1023 2561 1125 2628 atrox,
1147 2571 1188 2612 ne

160 2655 215 2710 aut
231 2645 320 2732 vulgi
337 2644 437 2710 acrior
454 2646 503 2710 vis
521 2646 681 2733 ingrueret
698 2656 752 2713 aut
763 2648 848 2714 Nero
865 2648 1063 2714 inclinatione
1080 2643 1188 2731 populi

159 2749 344 2816 mutaretur,
367 2741 532 2825 provoluta
553 2741 689 2828 genibus
711 2743 795 2822 eius,
817 2767 881 2810 non
899 2766 937 2808 eo
958 2743 1018 2808 loci
1038 2763 1090 2806 res
1113 2761 1188 2804 suas

160 2835 228 2920 agi,
250 2843 286 2898 ut
302 2835 342 2899 de
359 2835 556 2900 matrimonio
575 2845 685 2914 certet,
709 2858 901 2922 quamquam
922 2837 956 2900 id
974 2836 1035 2901 sibi
1051 2835 1116 2898 vita
1133 2855 1190 2918 po-

160 2929 238 3006 tius,
262 2928 319 2993 sed
336 2929 433 2994 vitam
449 2929 551 3015 ipsam
568 2931 602 2996 in
620 2941 795 2997 extremum
817 2931 985 2995 adductam
1002 2953 1022 2993 a
1039 2927 1188 2993 clientelis

162 3032 194 3087 et
214 3022 349 3087 servitiis
373 3020 540 3102 Octaviae,
564 3047 645 3108 quse
666 3024 769 3110 plebis
793 3025 855 3090 sibi
876 3045 990 3088 nomen
1011 3021 1188 3096 indiderint,

162 3139 200 3181 ea
216 3116 250 3182 in
266 3139 344 3201 pace
361 3116 432 3182 ausi
443 3139 526 3201 quae
542 3118 597 3182 vix
609 3118 693 3184 bello
712 3118 887 3196 evenirent3
905 3140 993 3181 arma
1009 3116 1063 3179 illa
1080 3114 1192 3178 adver-.

164 3233 219 3274 sus
235 3210 409 3296 principem
427 3221 566 3298 sumpta;
585 3213 699 3278 ducem
716 3220 838 3276 tantum
855 3210 1005 3287 defuisse,
1024 3207 1079 3292 qui
1096 3207 1189 3271 motis

163 3303 258 3368 rebus
274 3304 366 3368 facile
383 3305 582 3392 reperiretur:
601 3307 755 3372 omitteret
772 3307 866 3372 modo
885 3303 1092 3391 Campaniam
1110 3303 1191 3368 etin

164 3396 273 3463 urbem
290 3395 393 3482 ipsam
409 3410 567 3485 pergeret,
586 3402 627 3466 ad
645 3401 735 3465 cuius
752 3412 864 3467 nutum
881 3400 1020 3467 absentis
1038 3398 1190 3464 tumultus

165 3491 325 3556 cierentur.
349 3493 434 3576 quod
446 3493 586 3579 alioquin
600 3518 693 3560 suum
708 3496 874 3562 delictum?
891 3518 987 3580 quam
1004 3494 1191 3578 cuiusquam

165 3583 388 3649 offensionem?
409 3609 450 3650 an
467 3587 542 3671 quia
557 3590 665 3654 ueram
688 3591 870 3678 progeniem
887 3591 1053 3676 penatibus
1073 3587 1192 3652 Caesa·

164 3700 233 3741 rum
250 3678 362 3743 datura
379 3680 433 3759 sit,
452 3682 545 3747 malle
561 3685 714 3793 populum
731 3685 911 3750 Romanum
929 3683 1064 3749 tibicinis
1081 3680 1192 3764 Aegy-

164 3772 220 3856 ptii
238 3771 403 3838 subolem
393 3788 526 3862 rmperat
527 3779 592 3843 οιιο
606 3778 734 3866 fastigio
746 3778 872 3842 induci?
890 3777 1081 3858 denique,s1
1071 3774 1131 3836 id
1143 3794 1192 3837 re-

165 3864 224 3928 bus
243 3868 412 3947 conducat,
434 3870 536 3936 libens
554 3895 650 3956 quam
668 3879 756 3938 coact
757 3893 795 3934 us
814 3869 928 3938 acciret
945 3867 1118 3943 dominam3
1140 3864 1191 3928 vel

165 3961 341 4029 consuleret
354 3966 511 4031 securitati
523 3967 608 4031 iusta
620 3967 747 4031 ultione.
771 3973 803 4029 et
819 3961 952 4027 modicis
964 3960 1111 4025 remediis
1128 3959 1193 4046 pri-

165 4078 234 4120 mos
256 4067 361 4124 motus
388 4062 583 4127 consedisse:
610 4071 643 4126 at
665 4061 693 4124 si
718 4059 886 4143 desperent
906 4077 1036 4121 uxorem
1058 4054 1191 4120 Neronis

165 4151 231 4216 sore
251 4149 432 4232 Octaviam,
450 4156 495 4220 illi
513 4156 659 4222 maritum
677 4154 815 4220 daturos.
