2958 4960
337 442 377 506 74
687 447 870 506 CORNELII
885 446 1014 504 TAClTl

1255 539 1374 576 a.u.'1't‘.’.

335 611 431 694 yitam
449 609 587 696 pessima
604 617 703 674 morte
720 606 861 671 finierim.
886 606 913 670 si
931 627 1010 689 quos
1029 627 1102 690 spes
1121 627 1220 682 meae,
1241 606 1268 670 ai
1286 627 1375 688 quos

283 727 285 734 ’
336 705 529 791 propinquus
544 701 682 788 sanguis,
701 701 795 765 etiam
809 721 888 782 quos
906 700 1024 764 invidia
1037 723 1113 786 erga
1126 700 1286 764 viventem
1299 722 1377 764 mo-

337 799 444 876 vebat,
466 796 704 862 inlacrimabunt
726 796 884 878 quondam
906 794 1068 860 florentem
1092 805 1123 860 et
1144 804 1191 860 tot
1212 794 1375 860 bellorum

337 893 535 979 superstitem
549 889 692 955 muliebri
705 889 815 954 fraude
830 888 989 954 cecidisse.
1013 890 1071 952 erit
1084 887 1174 954 vobis
1188 889 1278 954 locus
1292 910 1377 973 que-

336 987 425 1054 rendi
438 987 523 1072 apud
536 995 688 1061 senatum,
707 983 874 1048 invocandi
886 982 988 1068 leges:
1007 1006 1071 1048 non
1088 982 1148 1048 hoc
1161 984 1373 1069 praecipuum

337 1082 508 1148 amicorum
525 1101 639 1144 munus
658 1087 719 1156 est,
742 1077 890 1162 prosequi
908 1077 1091 1142 defunctum
1108 1078 1225 1163 ignavo
1243 1087 1374 1161 questu,

338 1177 394 1242 sed
420 1197 501 1258 quae
527 1173 658 1239 voluerit
679 1172 874 1249 meminisse,
900 1194 981 1254 quae
1004 1172 1199 1238 mandaverit
1221 1172 1374 1255 exsequi3

338 1267 458 1336 flcb'unt
477 1265 700 1334 Germanicum
719 1267 812 1332 etiam
829 1265 943 1352 ignoti:
963 1265 1160 1332 vindicabitis
1179 1288 1253 1344 vos,
1273 1266 1302 1331 si
1318 1288 1375 1330 me

337 1363 555 1448 potiusquam
577 1360 735 1426 fortunam
757 1383 860 1426 meam
882 1359 1046 1425 fovebatis.
1074 1361 1229 1426 ostendite
1252 1360 1374 1446 populo

338 1457 482 1522 Romano
496 1455 561 1520 divi
570 1453 710 1540 Augusti
724 1463 850 1539 neptem
864 1455 1058 1538 eandemque
1068 1455 1235 1540 coniugem
1251 1477 1372 1530 meam3

337 1559 498 1614 numerate
516 1571 572 1612 sex
590 1548 718 1614 liberos:
737 1549 950 1614 misericordia
968 1571 1040 1613 cum
1058 1548 1282 1614 accusantibus
1301 1549 1370 1623 erit,

337 1640 590 1728 fingentibusque
608 1643 741 1708 scelesta
758 1643 905 1708 mandata
923 1652 976 1707 aut
997 1664 1062 1707 non
1079 1643 1207 1708 credent
1224 1642 1371 1708 homines

338 1747 476 1802 autnon
501 1735 698 1822 ignoscent.“
730 1735 878 1802 Iuravere
905 1737 1010 1813 amici,
1038 1737 1179 1802 dextram
1207 1737 1371 1805 morientis

338 1831 568 1917 contingentes,
588 1831 731 1916 spiritum
749 1841 821 1896 ante
839 1851 934 1914 quam
952 1831 1102 1896 ultionem
1120 1831 1307 1896 amissuros.

289 1947 319 1994 tt
402 1925 485 1990 Turn
504 1925 545 1990 ad
562 1947 692 1990 uxorem
710 1947 820 1990 versus
838 1947 895 2010 per
917 1926 1099 1990 memoriam
1123 1925 1185 2001 sui,
1209 1945 1268 2010 per
1285 1947 1373 1990 com·

338 2042 448 2086 munes
467 2019 581 2085 liberos
599 2019 712 2085 oravit:
732 2029 860 2084 exueret
877 2019 1035 2096 ferociam,
1056 2020 1207 2084 saevienti
1225 2018 1371 2084 fortunae

339 2115 545 2182 summitteret
568 2115 705 2179 animum
723 2136 786 2178 neu
807 2135 951 2199 regressa
971 2114 1005 2177 in
1027 2113 1137 2196 urbem
1160 2113 1371 2178 aemulatione

339 2210 496 2295 potentiae
517 2209 682 2274 validiores
705 2208 858 2285 inritaret3
881 2208 959 2272 haec
979 2208 1084 2293 palam
1107 2218 1137 2272 et
1155 2208 1218 2272 alia
1239 2218 1370 2296 secreto,

339 2326 395 2389 per
412 2325 494 2386 quae
511 2303 676 2368 ostendere
700 2301 884 2367 credebatur
905 2311 1023 2366 metum
1043 2323 1084 2366 ex
1101 2301 1239 2368 Tiberin.
1268 2325 1372 2387 neque

339 2396 437 2461 multo
464 2407 536 2482 post
562 2397 767 2482 extinguitur,
794 2396 914 2481 ingenti
939 2396 1025 2460 luctu
1051 2396 1231 2481 provinciae
1258 2406 1290 2460 et
1313 2396 1372 2461 eir-

340 2490 580 2556 cumiacentium
602 2491 804 2576 populorum
826 2491 987 2556 indoluere
1010 2501 1135 2556 exterae
1156 2491 1301 2556 nationes
1324 2514 1374 2555 re-

339 2605 472 2670 gesque:
492 2594 578 2649 tanta
591 2585 635 2648 illi
649 2584 779 2650 comitas
793 2584 825 2648 in
844 2585 957 2662 socios,
976 2585 1183 2650 mansuetudo
1197 2585 1231 2648 in
1248 2585 1373 2662 hostes3

341 2677 474 2760 visuque
492 2687 523 2742 et
541 2678 650 2742 auditu
667 2678 755 2742 iuxta
768 2677 964 2756 venerabilis,
984 2701 1056 2742 cum
1074 2679 1325 2764 magnitudinem
1343 2688 1375 2742 et

340 2771 526 2858 gravitatem
549 2795 690 2838 summae
709 2771 853 2838 fortuma
875 2773 1035 2850 retineret,
1058 2773 1207 2837 invidiam
1231 2783 1263 2836 et
1281 2773 1375 2836 adro-

279 2945 281 2950 ,
341 2865 481 2952 gantiam
499 2866 663 2954 effugerat.

293 2983 322 3029 re
405 2961 515 3027 Funus
538 2962 605 3028 sine
627 2961 816 3049 imaginibus
840 2971 871 3026 et
892 2984 1008 3047 pompa
1029 2983 1085 3046 per
1110 2961 1219 3026 laudes
1247 2983 1285 3025 ao
1307 2983 1375 3026 me-

342 3056 473 3124 moriam
490 3056 641 3122 virtutum
663 3057 730 3122 eius
750 3055 871 3122 celebre
889 3057 962 3134 fuit3
986 3066 1017 3121 et
1040 3065 1128 3120 erant
1149 3055 1203 3139 qui
1226 3054 1373 3131 formam,

342 3161 489 3228 aetatem,
513 3173 613 3236 genus
632 3152 754 3229 mortis,
779 3150 819 3216 bb
838 3151 1100 3236 propinquitatem
1119 3150 1212 3214 etiam
1231 3149 1374 3214 locorum

342 3246 374 3309 in
388 3245 501 3328 quibus
515 3246 639 3323 interiit,
658 3247 765 3332 magni
778 3244 952 3310 Alexandri
967 3245 1040 3310 fatis
1054 3246 1280 3328 adaequarent:
1299 3267 1374 3309 nam

342 3349 509 3422 utrumque
531 3361 660 3425 corpore
683 3341 810 3418 decoro,
837 3363 952 3427 genere
973 3340 1103 3426 insigni,
1130 3340 1216 3405 haud
1238 3339 1374 3404 multum

343 3431 469 3516 triginta
495 3454 593 3496 annos
621 3455 798 3518 egressum,
826 3457 954 3500 suorum
979 3435 1102 3500 insidiis
1125 3445 1269 3499 externas
1292 3435 1375 3498 inter

342 3532 452 3610 gentes
471 3524 636 3590 occidisse:
660 3528 716 3591 sed
734 3527 817 3592 bunc
835 3529 942 3594 mitem
961 3551 1037 3615 erga
1058 3530 1190 3606 amicos,
1214 3528 1374 3593 modicum

344 3616 552 3703 voluptatum,
575 3641 639 3684 uno
657 3621 868 3700 matrimoni0,
892 3623 985 3688 certis
1003 3622 1109 3688 liberis
1128 3624 1246 3710 egisse,
1269 3643 1374 3705 neque

344 3713 446 3778 minus
464 3712 691 3798 proeliatorem,
711 3715 834 3782 etiamsi
851 3718 1008 3782 temeritas
1027 3717 1141 3782 afuerit
1157 3716 1375 3802 praepeditus·

344 3831 405 3893 que
424 3807 465 3872 sit
481 3808 640 3894 perculsas
655 3818 702 3874 tot
718 3810 855 3876 victoriis
870 3809 1056 3878 Germanias
1071 3812 1198 3876 servitio
1215 3833 1389 3897 premere3·

344 3903 430 3988 quod
448 3903 475 3968 si
493 3904 578 3970 solus
596 3903 711 3970 arbiter
727 3927 845 3984 rerum,
869 3906 897 3972 si
913 3906 980 3971 iure
998 3917 1030 3971 et
1046 3907 1171 3972 nomine
1188 3906 1276 3991 regio
1295 3903 1374 3968 fuis-

346 4008 407 4075 set,
426 4009 512 4064 tanto
530 4000 704 4086 promptius
722 4001 944 4066 adsecuturum
961 4001 1093 4086 gloriam
1110 4000 1252 4076 militiae,
1274 4020 1375 4082 quan-

345 4101 412 4155 tum
430 4092 607 4171 clementia,
627 4095 844 4181 temperantia,
867 4095 977 4160 ceteris
996 4094 1086 4160 bonis
1105 4095 1224 4159 artibus
1242 4094 1375 4178 praesti-

346 4185 444 4251 tisset.
471 4209 584 4272 corpus
602 4199 770 4274 antequam
789 4199 977 4256 cremaretur
999 4191 1148 4254 nudatum
1166 4189 1200 4252 in
1217 4187 1287 4252 foro
1306 4185 1374 4251 An-
