3020 4958
399 403 606 459 AXNALIUM
623 404 696 458 LlB.
710 405 790 462 xlv.
807 406 928 460 sl-u‘n
1108 397 1169 461 Pil

146 511 169 548 p.
179 497 219 538 cs.
229 498 264 536 ar.

145 589 209 643 cos,
227 563 284 650 qui
299 561 419 647 proelia
430 559 639 646 profligarent,
657 561 836 647 gloriaeque
848 583 955 627 eorum
974 585 1173 631 accessurum

145 658 230 742 quod
247 655 372 720 modica
389 677 500 718 manus
514 654 655 741 universi
663 656 818 720 exercitus
835 655 953 722 samam
965 658 1173 744 adipisceren-

144 763 207 816 tur:
231 749 366 815 conferti
387 757 509 812 tantum
531 758 562 812 et
582 748 655 833 pilis
677 749 814 827 emissis,
836 760 910 836 post
931 750 1119 817 umbonibus
1142 764 1173 819 et
1200 741 1207 750 ⁸

144 845 258 931 gladiis
273 852 411 928 stragem
425 841 615 924 caedemque
628 842 852 924 continuarent,
870 845 1004 930 praedae
1022 846 1173 912 inmemo-

143 961 207 1004 res:
226 946 318 1022 parta
335 935 465 1000 victoria
482 948 595 999 cuncta
611 935 689 1020 ipsis
707 958 844 1004 cessura.

208 1033 243 1096 Is
262 1031 354 1095 ardor
366 1029 463 1094 verba
480 1029 569 1094 ducis
584 1029 786 1113 sequebatur,
800 1032 845 1096 ita
862 1055 897 1096 se
914 1034 955 1098 ad
967 1033 1173 1117 intorquenda

145 1127 209 1212 pila
226 1124 407 1212 expedierat
423 1133 515 1188 vetus
533 1125 625 1188 miles
643 1134 674 1190 et
690 1124 790 1189 multa
806 1124 994 1211 proeliorum
1012 1128 1173 1212 experien-

145 1221 197 1296 tia,
216 1229 253 1284 ut
270 1228 373 1284 certus
391 1228 520 1283 eventus
539 1215 710 1284 Suetonius
729 1219 817 1283 daret
832 1242 958 1306 pugnae
977 1222 1112 1307 signum.
1135 1245 1171 1286 ac
1191 1245 1221 1291 ss

145 1314 282 1400 primum
308 1312 391 1398 legio
413 1313 514 1397 gradu
535 1311 654 1378 inmota
675 1323 706 1376 et
728 1313 889 1398 angustias
911 1314 971 1379 loci
991 1337 1050 1400 pro
1071 1316 1173 1380 muni·

145 1418 253 1473 mento
270 1407 418 1484 retinens,
437 1415 604 1492 postquam
621 1407 749 1492 propius
765 1429 953 1494 suggressus
971 1409 1070 1476 hostis
1088 1420 1171 1474 certo

144 1505 230 1568 iactu
243 1500 305 1566 tela
317 1501 512 1578 exhauserat,
531 1501 616 1566 velut
629 1523 730 1566 cuneo
742 1502 857 1586 erupit3
875 1502 958 1566 idem
975 1502 1172 1568 auxiliarium

144 1597 296 1684 impetus3
315 1605 346 1660 et
363 1617 458 1678 eques
475 1596 626 1680 protentis
644 1596 742 1662 hastis
759 1597 924 1684 perfringit
941 1598 1025 1681 quod
1044 1597 1171 1664 obvium

145 1700 176 1754 et
197 1689 338 1753 validum
360 1699 438 1753 erat:
466 1689 560 1753 ceteri
582 1699 670 1775 terga
690 1689 875 1775 praebuere,
903 1690 1023 1756 difficili
1045 1691 1169 1779 effugio,

144 1783 219 1868 quia
244 1782 443 1846 circumiecta
468 1783 612 1847 vehicula
636 1795 798 1869 sepserant
819 1784 936 1862 abitus,
963 1794 994 1850 et
1016 1786 1105 1851 miles
1132 1808 1171 1852 ne

143 1877 310 1940 mulierum
327 1876 453 1959 quidem
471 1877 541 1940 neci
558 1877 765 1962 temperabat,
787 1878 972 1963 confixaque
990 1879 1059 1944 telis
1078 1880 1171 1944 etiam

143 1970 284 2034 iumenta
301 1991 465 2056 corporum
483 1971 821 2042 cumulumauxerant.
868 2041 870 2046 ,

209 2061 306 2128 Clara
318 2073 349 2127 et
366 2063 500 2146 antiquis
509 2064 650 2128 ¹victoriis
663 2087 721 2149 par
734 2087 772 2129 ea
785 2064 835 2129 die
848 2064 917 2128 laus
934 2073 1037 2150 parta:
1055 2064 1171 2150 quippe

144 2167 219 2222 sunt
236 2157 291 2241 qui
312 2157 406 2242 paulo
423 2158 526 2222 minus
549 2180 644 2241 quam
667 2159 826 2246 octoginta
847 2158 933 2224 milia
949 2159 1171 2224 Britannorum

144 2252 296 2342 cecidisse
314 2252 449 2329 tradant,
472 2253 606 2338 militum
628 2253 863 2338 quadringentis
885 2253 983 2318 ferme
1000 2251 1170 2317 interfectis

143 2369 202 2414 neo
214 2346 314 2410 multo
327 2346 461 2431 amphus
474 2347 653 2411 vulneratis.
673 2347 833 2412 Boudicca
851 2347 946 2412 vitam
964 2368 1085 2412 veneno
1102 2345 1172 2410 fini-

144 2442 197 2504 vit.
220 2449 253 2504 et
269 2439 408 2505 Poenius
425 2439 610 2518 Postumus,
629 2440 806 2527 praefectus
825 2451 997 2508 castromm
1015 2441 1170 2506 secundae

143 2533 290 2620 legionis,
314 2535 447 2620 cognitis
470 2535 825 2618 quartadecumanorum
847 2535 1170 2618 vicesimanorumque

142 2628 301 2712 prosperis
322 2629 431 2705 rebus,
454 2629 529 2716 quia
548 2629 617 2714 pari
639 2629 739 2715 gloria
759 2630 915 2716 legionem
938 2653 1027 2696 suam
1045 2629 1171 2696 frauda·

143 2731 230 2786 verat
256 2721 468 2806 abnueratque
496 2735 604 2788 contra
624 2726 718 2789 ritum
744 2726 871 2790 militiae
896 2726 984 2792 iussa
1005 2725 1109 2804 ducis,
1136 2745 1170 2790 se

142 2817 248 2902 ipsum
265 2817 370 2902 gladio
388 2819 548 2904 transegit.
752 2819 754 2825 ’

165 2943 168 2948 ·
207 2909 396 2976 Contractus
414 2911 526 2976 deinde
548 2915 649 2978 omnis
672 2915 826 2978 exercitus
849 2912 908 2977 sub
929 2911 1063 2996 pellibus
1081 2911 1170 2976 habi·
1189 2930 1221 2977 ss

142 3015 193 3068 tus
211 3014 260 3069 est
278 3006 319 3069 ad
335 3005 455 3089 reliqua
471 3006 545 3070 belli
562 3009 779 3094 perpetranda,
798 3006 946 3090 auxitque
964 3005 1070 3090 copias
1090 3003 1171 3068 Cae-

142 3119 194 3162 sar
220 3099 327 3164 missis
353 3122 394 3164 ex
420 3098 592 3166 Germania
617 3101 741 3168 duobus
767 3100 1007 3186 legionariorum
1033 3096 1169 3174 milibus,

142 3201 216 3260 octo
240 3193 438 3258 auxiliarium
463 3194 643 3260 cohortibus
670 3217 708 3259 ao
729 3195 813 3260 mille
840 3191 1011 3276 equitibus,
1038 3211 1170 3275 quorum

142 3285 282 3350 adventu
306 3289 422 3352 nonani
443 3289 614 3375 legionario
635 3289 733 3354 milite
756 3287 891 3374 suppleti
914 3297 995 3353 sunt.
1027 3286 1170 3353 cohortes

141 3378 273 3462 alaeque
286 3383 377 3446 novis
389 3382 598 3448 hibernaculis
616 3382 745 3461 locatae,
763 3383 909 3468 quodque
927 3381 1087 3448 nationum
1104 3405 1171 3448 am-

142 3472 275 3558 biguum
301 3487 356 3538 aut
377 3477 545 3541 adversum
570 3477 686 3555 suerat,
712 3478 778 3563 igni
800 3489 893 3562 atque
915 3476 998 3542 scrro
1020 3487 1168 3544 vastatur.

141 3567 199 3629 sed
220 3567 299 3631 nihil
322 3591 422 3653 aeque
443 3593 538 3654 quam
560 3570 661 3636 fames
683 3571 845 3658 affligebat
866 3571 1006 3637 serendis
1024 3569 1169 3656 stragibus

141 3659 316 3726 incuriosos
339 3674 371 3727 et
391 3666 476 3728 omni
497 3675 598 3730 aetate
621 3665 662 3730 ad
682 3665 799 3732 bellum
821 3689 925 3743 versa,
948 3665 1023 3730 dum
1045 3675 1169 3728 nostros

141 3765 336 3820 commeatus
359 3756 421 3822 sibi
442 3757 612 3836 destinant3
637 3769 811 3844 gentesque
832 3758 1028 3843 praeferoces
1050 3754 1168 3820 tardius

141 3847 182 3909 ad
199 3869 312 3932 pacem
333 3850 620 3936 inchoabantquia
636 3853 737 3916 Iulius
755 3851 984 3925 Olassicianus,
1007 3869 1171 3913 successor

142 3939 226 4004 Cato
242 3943 361 4007 missus
379 3955 410 4008 et
429 3943 580 4010 Suetonio
597 3947 732 4021 discors
754 3943 871 4008 bonum
888 3941 1049 4027 publicum
1065 3941 1171 4026 priva·

141 4034 180 4100 tis
199 4036 413 4103 simultatibus
425 4039 615 4124 impediebat
628 4039 878 4122 disperseratque
896 4057 1012 4100 novum
1030 4035 1169 4121 legatum

140 4131 367 4214 opperiendum
385 4155 466 4211 esse,
485 4134 552 4198 sine
569 4131 675 4196 hostili
691 4131 738 4194 ira
755 4141 787 4196 et
805 4128 950 4216 superbia
963 4129 1088 4196 victoris
1107 4129 1169 4196 cle·
