3020 4958
396 408 606 468 ANNALIUM
622 410 697 465 LIB.
712 409 792 466 XIV.
809 411 928 466 50—54.
1107 400 1170 466 277

145 514 165 552 μ.
175 501 216 542 cr.
226 503 261 542 oa.

144 591 219 656 opes
238 567 344 634 adhuc
361 575 500 653 augeret,
518 567 664 651 quodque
682 568 787 632 studia
800 568 916 632 civium
933 569 967 632 in
981 589 1015 633 se
1029 579 1171 646 verteret,

144 665 306 729 hortorum
314 683 440 747 quoque
450 661 637 726 amoenitate
647 670 678 726 et
686 662 832 728 villarum
841 662 1072 748 magnificentia
1080 664 1173 746 quasi

143 756 318 842 principem
341 755 630 840 supergrederetur;
657 754 836 820 obiciebant
857 757 952 820 etiam
978 756 1172 839 eloquentiae

143 851 271 916 laudem
292 848 349 913 uni
376 846 437 912 sibi
458 847 613 914 asciscere
635 859 667 912 et
691 849 830 914 carmina
856 849 995 915 crebrius
1021 849 1172 925 factitare,

143 955 313 1030 postquam
329 942 447 1007 Neroni
464 963 553 1007 amor
570 963 680 1008 eorum
696 943 846 1008 venisset.
873 965 946 1008 nam
964 943 1173 1008 oblectamen-

143 1039 183 1102 tis
201 1036 354 1123 principis
372 1035 477 1121 palam
493 1035 637 1120 iniquum
655 1037 827 1101 detractare
839 1036 905 1100 vim
923 1036 990 1104 eius
1009 1057 1107 1120 equos
1125 1057 1173 1100 re-

143 1131 264 1218 gentis,
287 1129 417 1194 illudere
438 1150 548 1207 voces,
571 1129 716 1214 quotiens
739 1140 873 1196 caneret
899 1152 994 1214 quem
1016 1129 1057 1193 ad
1078 1129 1173 1192 linem

144 1224 223 1288 nihil
240 1223 274 1287 in
291 1246 325 1288 re
346 1222 473 1310 publiea
489 1223 610 1290 clarum
631 1222 699 1289 fore
720 1224 807 1307 quod
824 1247 888 1289 non
909 1222 949 1289 ab
971 1224 1025 1288 illo
1046 1221 1173 1307 reperiri

144 1318 308 1384 credatur?
325 1327 408 1382 certe
425 1317 545 1382 finitam
562 1317 697 1382 Neronis
709 1317 886 1402 pueritiam,
905 1329 936 1382 et
953 1317 1048 1383 robur
1065 1316 1174 1380 iuven-

144 1423 196 1478 tae
217 1413 346 1477 adesse:
365 1421 501 1476 exueret
522 1411 723 1497 magistrum,
750 1412 827 1476 satis
854 1411 967 1498 amplis
993 1408 1173 1476 doctoribus

144 1508 317 1572 instructus
335 1504 507 1570 maioribus
525 1505 602 1570 suis.
1011 1561 1015 1570 .

209 1599 257 1664 At
276 1597 398 1665 Seneca
415 1598 646 1663 criminantium
662 1622 726 1665 non
743 1599 882 1686 ignarus,
899 1597 1104 1684 prodentibus
1122 1595 1172 1659 his
1191 1616 1223 1664 53

146 1693 263 1778 quibus
286 1693 391 1777 aliqua
412 1693 537 1758 honesti
558 1715 648 1772 cura,
670 1703 702 1759 et
723 1694 965 1760 familiaritatem
982 1694 1050 1760 eius
1069 1693 1172 1778 magis
1220 1719 1223 1726 ·

146 1796 333 1873 aspernante
355 1785 508 1865 Caesare,
535 1797 659 1874 tempus
683 1789 819 1854 sermoni
840 1798 908 1855 orat
929 1797 960 1854 ct
980 1797 1108 1872 accepto
1130 1786 1174 1849 ita

146 1881 270 1967 incipit:

212 1974 376 2057 „Quartus
390 1975 531 2042 decimus
545 1997 646 2042 annus
660 1986 717 2055 est,
737 1976 866 2052 Caesar,
885 1997 925 2040 ex
942 1996 1006 2058 quo
1020 1975 1087 2058 spei
1102 1983 1173 2036 tuae

146 2069 293 2134 admotus
313 2091 398 2146 sum,
416 2079 562 2148 octavus,
579 2079 615 2136 ut
631 2071 798 2157 imperim
816 2069 955 2135 obtines:
975 2069 1078 2133 medio
1096 2077 1174 2131 tem-

145 2162 231 2248 poris
254 2171 376 2228 tantum
397 2162 553 2228 honorum
574 2173 668 2248 atque
689 2187 787 2251 opum
805 2161 842 2227 in
863 2185 914 2228 mc
936 2161 1116 2238 cumulasti,
1139 2169 1175 2224 ut

146 2256 224 2320 nibil
238 2255 379 2321 felicitati
391 2279 480 2322 meae
493 2257 576 2321 desit
592 2258 655 2321 nisi
673 2257 844 2323 moderatio
862 2257 940 2322 eius.
964 2265 1033 2320 utar
1050 2254 1173 2340 magnis

146 2349 314 2434 exemplis,
338 2371 397 2414 nec
413 2371 502 2415 meae
524 2351 668 2415 fortunae
691 2351 748 2416 sed
765 2360 851 2416 tuae:
874 2352 992 2416 abavus
1014 2359 1087 2414 tuus
1105 2346 1175 2411 Aa·

147 2453 260 2530 gustus
282 2442 394 2508 Marco
415 2443 579 2530 Agrippae
600 2443 813 2530 Mytilenense
835 2454 1003 2521 secretum,
1027 2442 1066 2508 O.
1083 2441 1175 2507 Mae-

147 2537 249 2602 cenati
266 2537 345 2601 mbe
362 2537 396 2600 in
411 2538 483 2623 ipsa
494 2538 581 2603 velut
592 2539 794 2626 peregrinum
807 2540 906 2604 otium
923 2538 1079 2624 permisit3
1097 2558 1174 2619 quo-

146 2643 225 2696 rum·
234 2631 313 2696 alter
325 2630 478 2696 bellorum
492 2633 607 2710 socius,
625 2633 704 2698 alter
715 2633 837 2700 Romae
853 2633 996 2718 pluribus
1013 2630 1174 2697 laboribus

146 2725 280 2790 iactam
300 2724 405 2809 ampla
422 2725 566 2808 quidem,
585 2727 642 2790 sed
658 2731 716 2812 pr'o
733 2728 915 2814 ingentibus
933 2726 1067 2803 meritis,
1085 2747 1175 2810 prae-

146 2819 211 2883 mia
232 2830 430 2903 acceperant:
457 2841 518 2905 ego
539 2821 617 2906 quid
637 2821 724 2886 aliud
745 2823 975 2886 munificentiae
997 2834 1065 2885 tuoe
1087 2819 1175 2884 adhi-

146 2913 221 2978 bere
239 2911 327 2996 potui
340 2934 435 2995 quam
454 2915 567 2991 studia,
586 2925 621 2978 ut
640 2915 687 2979 sic
700 2916 844 2992 dixerim,
862 2914 896 2978 in
908 2913 1021 2978 umbra
1033 2915 1174 2987 educata,

146 3005 313 3090 atquibus
331 3006 483 3071 claritudo
501 3008 601 3084 venit,
623 3010 710 3091 quod
730 3009 877 3073 iuventae
898 3017 970 3071 tuae
991 3006 1174 3070 rudimentis

146 3099 279 3165 affuisse
301 3099 423 3178 videor,
446 3102 566 3188 grande
586 3103 681 3168 huius
699 3103 746 3167 rei
767 3102 911 3188 pretium.
938 3111 971 3165 at
987 3109 1023 3164 tu
1043 3097 1175 3183 gratiam

146 3196 338 3271 inmensam,
361 3194 558 3261 innumeram
579 3197 747 3282 pecuniam
769 3195 1015 3270 circumdedisti,
1042 3191 1121 3257 adeo
1140 3200 1176 3252 ut

145 3289 333 3373 plerumque
350 3289 432 3354 intra
447 3312 499 3356 me
514 3291 585 3376 ipse
602 3291 742 3355 volvam:
760 3313 885 3378 ,cgone,
904 3287 1041 3374 equestri
1057 3295 1089 3350 et
1104 3307 1176 3370 pro-

146 3382 275 3448 vinciali
296 3383 366 3448 loco
382 3393 485 3462 ortus,
506 3385 691 3471 proceribus
713 3386 848 3451 civitatis
870 3383 1076 3451 adnumeret?
1095 3382 1177 3446 inter

147 3477 271 3542 nobiles
289 3487 321 3542 et
341 3478 439 3565 longa
459 3484 568 3545 ‹lecora
588 3480 807 3566 praeferentes
820 3482 943 3547 novitas
961 3503 1033 3546 mea
1049 3477 1176 3544 enituit?

147 3571 204 3636 ubi
221 3581 272 3636 est
288 3572 413 3636 animus
429 3574 482 3638 ille
499 3574 632 3639 modicis
649 3577 832 3641 contentus?
848 3577 920 3641 talis
938 3576 1045 3641 hortos
1062 3573 1177 3636 extruit

148 3675 180 3728 ct
200 3686 260 3749 per
279 3664 359 3730 baec
381 3665 564 3732 suburbana
583 3668 701 3734 incedit
721 3679 753 3734 et
769 3671 864 3734 tantis
886 3691 1033 3755 agrorum
1056 3665 1175 3750 spatiis,

148 3767 215 3822 tam
236 3758 301 3823 lato
322 3759 433 3826 fenore
455 3760 639 3827 exuberati‘
663 3786 728 3827 una
749 3762 893 3827 defensio
918 3760 1066 3833 occurrit,
1092 3755 1177 3838 quod

149 3851 333 3918 muneribus
351 3854 415 3919 tuis
433 3855 531 3921 obniti
553 3879 618 3921 non
634 3856 744 3921 debui:
767 3854 825 3919 sed
844 3863 976 3936 uterque
997 3870 1176 3915 mensuram
1194 3866 1228 3914 ss

147 3944 355 4029 inplevimus,
377 3959 410 4014 et
427 3961 474 4025 tu,
496 3963 648 4034 quantum
669 3948 815 4035 princeps
832 3945 968 4010 tribuere
985 3944 1087 4009 11111111)
1103 3964 1178 4026 lm·

149 4048 211 4116 set,
235 4049 268 4104 et
284 4062 360 4127 ego,
382 4055 535 4127 qnantum
557 4045 678 4108 anricus
695 4065 716 4105 a
735 4040 877 4125 principe
898 4038 1053 4123 accipere:
1075 4047 1178 4100 11118111

148 4132 302 4200 invidiam
324 4147 457 4221 ψ,
479 4159 560 4221 quae
578 4135 721 4220 quidem,
742 4143 778 4196 ut
795 4132 902 4198 omnia
919 4129 1073 4209 moralia,
1095 4129 1179 4195 infra
