3020 4964
318 377 397 460 '294
683 399 863 458 coaumu
874 400 1002 457 sacrm

1180 505 1202 534 ι.
1212 507 1234 535 n.
1243 499 1290 537 815.
1300 500 1346 538 tlt.

281 586 314 635 aa
396 561 517 648 Magno
527 560 665 626 adsensu
677 559 833 624 celebrata
845 561 1008 639 sententia:
1026 584 1088 626 non
1099 571 1204 628 tamen
1217 577 1346 631 senatus

331 656 509 724 consultum
517 653 624 741 perfici
636 653 745 740 potuit,
755 653 960 721 abnuentibus
969 656 1146 722 consulibus
1159 659 1246 723 eade
1255 681 1289 724 re
1298 682 1348 724 re-

330 753 445 830 latum:
463 772 537 815 mox
546 760 671 814 auctore
683 749 822 835 principe
835 771 973 826 sanxere,
991 772 1030 814 ne
1042 751 1112 834 quis
1125 753 1167 816 ad
1179 753 1346 818 concilium

332 846 489 913 sociorum
509 844 639 910 referret
664 844 802 930 agendas
829 845 912 930 apud
933 854 1074 910 senatum
1094 848 1345 932 propraetoribus

330 963 428 1029 prove
441 938 623 1006 consulibus
637 947 750 1024 grates,
768 960 830 1002 neu
843 940 912 1022 quis
930 962 968 1004 ea
982 940 1136 1026 legatione
1153 941 1345 1029 fungeretur.

394 1035 501 1100 Isdem
519 1032 700 1098 consulibus
717 1034 916 1118 gymnasium
938 1033 1001 1098 ictu
1018 1034 1156 1099 fulminis
1174 1035 1347 1122 conflagra-

255 1163 258 1174 ·
329 1129 385 1208 vit,
403 1128 587 1215 effigiesque
600 1127 634 1191 in
646 1149 684 1192 eo
696 1127 827 1192 Neronis
841 1127 882 1192 ad
898 1127 1027 1192 informe
1044 1150 1097 1192 aes
1109 1128 1288 1212 liquefacta
1315 1141 1365 1212 et,

287 1267 296 1286 .
329 1233 417 1290 motu
433 1233 533 1288 terrae
550 1220 671 1287 celebre
690 1219 879 1306 Campaniae
902 1221 1049 1306 oppidum
1065 1221 1208 1308 Pompeii
1230 1246 1348 1310 magna

329 1340 369 1382 ex
389 1327 479 1404 parte
499 1316 627 1403 proruit.
663 1315 870 1399 defunctaque
891 1315 980 1402 virgo
1001 1313 1137 1381 Vestalis
1158 1316 1286 1392 Laelia,
1313 1317 1347 1380 in

329 1411 419 1477 cuim
437 1410 541 1476 locum
560 1408 706 1476 Cornelia
723 1432 764 1474 ex
779 1409 898 1473 familia
916 1407 1085 1475 Cossorum
1103 1419 1194 1495 capta
1209 1421 1268 1476 est

277 1527 310 1576 aa
392 1505 523 1570 Msumo
537 1504 665 1569 Raouuo
679 1503 866 1569 etVssonuo
875 1503 960 1569 Ruso
974 1503 1153 1569 consulibus
1165 1513 1272 1568 natam
1285 1505 1347 1569 sibi

329 1623 368 1664 ex
377 1599 527 1684 Poppaea
543 1598 640 1662 filiam
647 1597 731 1663 Nero
749 1598 830 1662 ultra
846 1597 975 1662 mortale
991 1598 1140 1684 gaudium
1157 1597 1278 1683 accepit
1291 1621 1348 1683 ap-

326 1691 702 1780 pellavitqueAugustam
712 1694 785 1757 dato
795 1701 825 1757 et
833 1691 997 1777 Poppaeae
1006 1693 1115 1756 codem
1124 1701 1346 1778 cognomento:

325 1788 413 1853 locus
432 1787 596 1873 puerperio
619 1786 741 1852 colonia
758 1784 892 1850 Antium
913 1785 986 1863 fuit,
1012 1785 1067 1850 ubi
1089 1784 1155 1870 ipse
1176 1796 1345 1871 generatus

326 1891 401 1948 erat.
434 1883 497 1946 iam
520 1890 647 1946 senatus
669 1890 791 1945 uterum
812 1880 978 1965 Poppaeae
1004 1879 1274 1944 commendaverat
1295 1880 1349 1944 dis

325 1986 462 2061 votaque
474 1975 599 2062 publice
614 1985 802 2061 susceperat,
821 1997 901 2059 quae
914 1973 1118 2059 multiplicata
1129 1973 1345 2057 exsolutoque,

250 2115 253 2122 -
326 2081 357 2136 et
379 2073 503 2137 additae
527 2071 769 2157 supplicationes
788 2071 999 2156 templumque
1016 2069 1211 2135 Fecunditati
1229 2081 1261 2134 et
1278 2093 1347 2136 cer-
1465 2063 1468 2072 ’

325 2177 430 2232 tamen
452 2168 493 2232 ad
515 2167 674 2252 exemplar
690 2165 840 2230 Actiacae
866 2165 1023 2252 religionis
1049 2165 1220 2241 decretum,
1247 2173 1346 2248 utque

323 2261 534 2326 Fortunarum
552 2260 675 2347 effigies
693 2283 805 2326 aureae
822 2260 854 2324 in
878 2259 955 2325 solio
973 2258 1141 2344 Capitolini
1157 2259 1243 2324 Iovis
1260 2258 1347 2324 loca-

234 2433 238 2441 .
323 2365 443 2432 rentur,
471 2354 624 2418 ludicrum
647 2355 784 2420 circense
806 2363 841 2418 ut
861 2353 959 2418 Iuliae
981 2353 1067 2439 genti
1088 2354 1172 2438 apud
1192 2351 1345 2430 Bovillas,

322 2449 367 2514 ita
390 2447 542 2514 Claudiae
568 2448 789 2533 Domitiaeque
814 2448 898 2534 apud
919 2446 1050 2512 Antium
1077 2449 1231 2512 ederetur:
1263 2469 1346 2532 quae

321 2541 407 2606 fluxa
424 2543 521 2619 fuere,
541 2553 685 2624 quartum
704 2544 787 2608 intra
803 2565 943 2608 mensem
960 2542 1108 2606 defuncta
1124 2542 1253 2606 infante.
1275 2564 1346 2606 rur-

322 2657 439 2717 susque
457 2645 583 2700 exortae
602 2637 798 2703 adulationes
820 2636 1013 2702 censentium
1034 2635 1182 2702 honorem
1200 2637 1292 2700 divae
1313 2645 1347 2700 et

320 2726 464 2812 pulvinar
482 2728 653 2812 aedemque
672 2740 703 2794 et
727 2731 933 2808 sacerdotem:
952 2739 1044 2814 atque
1061 2727 1128 2816 ipse
1146 2739 1181 2794 ut
1198 2729 1345 2806 laetitiae,

320 2819 364 2885 ita
380 2821 529 2886 maeroris
543 2821 717 2888 inmodicus
736 2825 809 2910 egit.
836 2825 1017 2889 adnotatum
1039 2833 1100 2901 est,
1126 2823 1211 2888 omni
1233 2833 1346 2887 senatu

195 2929 198 2936 ’
319 2913 453 2983 Antium
476 2914 535 2979 sub
556 2927 714 2981 recentem
730 2928 855 3004 partum
874 2917 988 2994 effuso,
1011 2917 1184 2982 Thraseam
1205 2915 1345 3002 prohibi-

320 3019 386 3073 tum
404 3009 523 3074 inmoto
541 3010 645 3075 animo
661 3012 879 3096 praenuntiam
900 3011 1089 3076 imminentis
1111 3009 1215 3076 caedis
1234 3019 1345 3075 contu·

319 3104 445 3169 meliam
464 3103 626 3190 excepisse
631 3128 640 3182 ;
664 3113 804 3169 secutam
816 3105 929 3170 dehinc
941 3127 1050 3170 vocem
1065 3104 1210 3170 Caesaris
1228 3100 1343 3179 ferunt,

319 3219 383 3281 qua
403 3198 637 3264 reconciliatum
655 3219 689 3264 se
708 3199 868 3264 Thraseae
889 3199 975 3284 apud
993 3196 1146 3264 Senecam
1167 3197 1343 3273 iactaverit,

318 3314 355 3356 ac
374 3289 528 3356 Senecam
548 3290 678 3357 Caesari
696 3293 898 3379 gratulatum:
911 3293 995 3358 uude
1006 3292 1107 3380 gloria
1119 3292 1254 3380 egregiis
1269 3291 1343 3356 viris

318 3393 348 3448 et
364 3384 504 3468 pericula
520 3384 705 3469 gliscebant.
1082 3394 1086 3401 ’

266 3497 298 3545 a:
380 3475 467 3539 Inter
488 3497 569 3559 quae
592 3478 673 3544 veris
695 3481 848 3566 principio
869 3481 965 3568 legati
986 3480 1174 3546 Parthorum
1195 3479 1345 3546 mandata

315 3569 399 3656 regis
409 3567 577 3656 Vologesis
595 3571 777 3658 litterasque
793 3575 828 3639 in
845 3575 976 3640 eandem
993 3575 1126 3640 formam
1145 3573 1290 3640 attulere:
1309 3596 1344 3639 se

315 3665 420 3750 priora
446 3673 478 3728 et
503 3663 616 3731 totiens
643 3667 757 3732 iactata
783 3689 878 3754 super
899 3668 1069 3735 obtinenda
1085 3668 1238 3733 Armmia
1258 3690 1344 3732 nunc

315 3759 472 3836 omittere,
491 3759 639 3842 quoniam
657 3761 715 3839 dii,
734 3762 878 3845 quamvis
895 3763 1070 3848 potentium
1087 3762 1275 3848 populorum
1292 3785 1344 3826 ar-

315 3851 400 3929 bitri,
427 3853 660 3937 possessionem
677 3854 804 3921 Parthis
830 3879 893 3922 non
916 3857 983 3922 sine
1005 3857 1177 3944 ignominia
1197 3857 1344 3922 Romana

314 3946 528 4012 tradidissent:
555 3970 655 4033 nuper
676 3950 818 4016 clausum
840 3951 1014 4038 Tigranem
1040 3960 1114 4038 post
1134 3950 1270 4016 Paetum
1297 3951 1343 4016 le-

312 4037 573 4122 gionesquecum
587 4043 761 4127 opprimere
773 4053 895 4129 posset,
913 4045 1085 4111 incolumes
1100 4043 1271 4123 dimisisse:
1292 4068 1342 4110 sa·

312 4129 352 4193 tis
366 4131 570 4214 adprobatam
584 4135 663 4213 vim;
686 4135 793 4201 datum
808 4147 838 4202 et
850 4137 986 4203 lenitatis
1001 4139 1258 4224 experimentum.
1282 4160 1341 4202 nec

311 4232 526 4288 recusaturum
545 4225 705 4293 Tiridaten
723 4230 904 4314 accipiendo
922 4232 1090 4299 diademati
1108 4233 1140 4296 in
1157 4229 1268 4296 urbem
1287 4253 1341 4296 ve·
