3020 4958
331 441 395 509 316
684 451 868 512 conuunn
881 451 1010 510 macru

1251 553 1273 584 a.
1283 555 1305 586 u.
1316 547 1365 588 e1s.

331 635 393 698 que
416 611 484 678 sine
505 612 606 698 pretio
628 608 834 690 frumentum,
861 633 923 696 quo
945 621 1017 678 ante
1040 633 1080 676 ex
1101 612 1194 678 modo
1218 635 1365 679 annonae

331 706 509 773 utebantur.
536 717 618 785 tum,
641 706 732 791 quasi
749 715 841 793 gesta
857 705 940 771 bello
958 707 1173 792 expositurus,
1200 718 1294 772 vocat
1312 731 1365 774 se-

332 810 440 866 natum
459 811 490 866 et
507 799 693 885 triumphale
711 799 808 866 decus
825 798 974 865 Petronio
988 799 1171 886 Turpiliano
1193 801 1362 879 consulari,

334 894 470 961 Cocceio
487 893 624 972 Nervae,
650 894 787 979 praetori
804 893 982 980 designato,
1002 893 1174 981 Tigellino,
1200 895 1363 981 praefecto

332 989 493 1075 praetorii,
520 986 642 1066 tribuit,
666 987 857 1073 Tigellinum
875 997 907 1053 et
922 987 1060 1054 Nervam
1078 988 1122 1054 ita
1139 989 1307 1066 extollens,
1326 1000 1364 1053 ut

333 1105 428 1168 super
449 1081 652 1166 triumphales
675 1081 708 1146 in
730 1082 798 1148 foro
820 1082 974 1168 imagines
997 1083 1082 1167 apud
1107 1083 1260 1167 palatium
1282 1104 1363 1167 quc-

333 1198 395 1261 que
413 1175 535 1262 effigies
553 1197 662 1242 eorum
680 1175 812 1240 sisteret.
831 1175 1008 1242 consularia
1024 1175 1160 1263 insignia
1167 1176 1363 1262 Nymphidio

334 1267 421 1304 'm
440 1268 491 1356 [dc
508 1267 581 1356 quo]
599 1269 675 1354 quia
691 1292 775 1334 nunc
790 1270 926 1355 primum
944 1267 1068 1336 oblatus
1082 1279 1139 1348 est,
1157 1292 1260 1356 pauca
1272 1293 1365 1358 repe-

333 1373 411 1429 tam:
438 1387 511 1428 nam
534 1372 565 1427 et
587 1364 655 1449 ipse
677 1386 751 1449 pars
773 1363 989 1429 Romanarum
1011 1363 1148 1428 cladium
1169 1365 1237 1428 erit.
1264 1365 1364 1452 igitur

333 1469 431 1523 matre
448 1457 593 1523 libertina
610 1467 712 1535 ortus,
739 1479 820 1541 quae
842 1479 956 1542 corpus
979 1458 1128 1522 decorum
1149 1458 1230 1524 inter
1252 1480 1363 1523 servos

332 1552 522 1634 libertosque
539 1550 715 1638 principum
733 1552 927 1638 vulgaverat,
946 1573 986 1616 ex
1005 1550 1044 1616 C.
1064 1549 1201 1617 Caesare
1220 1573 1255 1617 se
1273 1553 1364 1638 geni-

332 1654 399 1709 tum
426 1641 560 1722 ferebat,
587 1645 736 1728 quoniam
762 1645 843 1710 forte
869 1646 1006 1729 quadam
1028 1644 1138 1710 habitu
1158 1667 1306 1730 procerus
1332 1656 1363 1711 et

331 1747 420 1802 torvo
437 1737 528 1802 vultu
541 1739 630 1814 erat,
658 1738 725 1802 sive
744 1737 782 1803 C.
803 1737 937 1817 Caesar,
965 1747 1138 1805 scortorum
1160 1761 1286 1824 quoque
1307 1761 1365 1804 cu-

332 1832 432 1918 piens,
451 1830 545 1896 etiam
562 1832 653 1896 matri
671 1832 738 1897 eius
756 1832 864 1898 illusit.

283 1948 315 1996 73
399 1923 465 1992 Sed
486 1923 571 1990 Nero
593 1935 705 1991 vocato
728 1936 839 1992 senatu
861 1927 1000 1992 oratione
1025 1927 1107 1992 inter
1127 1936 1233 2013 patres
1254 1926 1364 1994 habita

334 2019 471 2085 edictum
488 2020 573 2105 apud
590 2020 741 2106 populum
760 2030 791 2084 et
809 2020 921 2086 collata
938 2021 971 2084 in
988 2020 1085 2086 libros
1103 2021 1220 2086 indicia
1238 2021 1365 2087 confes-

335 2115 501 2199 sionesque
519 2114 736 2180 damnatorum
754 2114 911 2193 adiunxit3
937 2115 1054 2179 etenim
1077 2114 1186 2180 crebro
1204 2115 1293 2203 vulgi
1310 2139 1365 2180 ru·

334 2208 633 2286 moredacerabatur,
645 2217 805 2293 tamquam
818 2209 903 2274 viros
912 2205 952 2242 ”
963 2218 994 2272 et
1006 2209 1146 2274 insontes
1157 2209 1197 2274 ob
1211 2210 1364 2274 invidiam

334 2312 389 2368 aut
410 2311 528 2368 metum
555 2303 748 2368 extinxisset.
775 2311 912 2368 ceterum
934 2311 1078 2387 coeptam
1103 2302 1305 2387 adultamque
1333 2313 1365 2368 et

334 2396 483 2462 revictam
502 2396 746 2462 coniurationem
763 2419 866 2481 neque
883 2407 958 2462 tunc
975 2395 1157 2462 dubitavere
1175 2396 1291 2480 quibus
1309 2419 1365 2461 ve-

333 2513 404 2554 rum
421 2491 570 2555 noscendi
588 2511 662 2555 cura
680 2499 755 2567 erat,
773 2500 806 2555 et
822 2491 959 2556 latentur
976 2490 1030 2574 qui
1042 2500 1115 2575 post
1132 2490 1291 2556 interitum
1299 2491 1366 2556 Ne-

333 2583 417 2666 ronis
435 2583 469 2646 in
486 2583 596 2648 urbem
612 2585 749 2669 regressi
767 2593 849 2648 sunt.
868 2594 900 2648 at
917 2584 951 2648 in
968 2594 1077 2650 senatu
1095 2585 1226 2663 cunctis,
1244 2595 1280 2650 ut
1298 2585 1366 2650 cui·

334 2697 395 2759 que
412 2675 581 2760 plurimum
598 2676 758 2754 maeroris,
777 2677 810 2741 in
828 2678 1039 2743 adulationem
1056 2678 1216 2757 demissis,
1234 2679 1364 2744 lunium

336 2767 528 2848 Gallionem,
548 2767 690 2836 Senecae
708 2770 813 2836 fratris
831 2781 931 2837 morte
948 2772 1099 2857 pavidum
1117 2782 1148 2836 et
1164 2794 1222 2857 pro
1240 2795 1299 2838 sua
1316 2773 1366 2838 in·

334 2864 513 2930 columitate
532 2864 715 2952 supplicem,
733 2866 888 2953 increpuit
906 2864 1052 2932 Salienus
1063 2865 1221 2944 Clemens,
1240 2867 1366 2932 hostem

336 2970 367 3025 et
383 2960 570 3045 parricidam
592 2983 723 3038 vocans,
750 2961 851 3026 donec
874 2983 1031 3026 consensu
1051 2969 1175 3046 patrum
1197 2961 1366 3026 deterritus

337 3064 394 3134 est,
420 3077 461 3120 ne
487 3054 620 3142 publicis
647 3054 738 3120 malis
765 3054 852 3120 abuti
874 3055 914 3120 ad
937 3055 1135 3120 occasionem
1159 3055 1274 3140 privati
1301 3055 1366 3120 odii

336 3151 507 3229 videretur,
542 3173 605 3215 neu
630 3149 804 3236 composita
833 3160 888 3215 aut
917 3149 1093 3216 oblitterata
1123 3149 1366 3215 mansuetudine

287 3265 318 3310 tt
336 3245 485 3330 principis
511 3267 626 3310 novam
653 3245 694 3308 ad
715 3244 879 3309 saevitiam
903 3245 1082 3310 retraheret.
1114 3253 1180 3309 tum
1208 3241 1365 3331 [decreta]

337 3339 420 3403 dona
437 3347 468 3402 et
489 3347 594 3424 grates
617 3339 684 3404 deis
706 3339 915 3404 decernuntur
935 3339 1144 3424 propriusque
1162 3338 1263 3403 honos
1284 3337 1365 3416 Soli,

336 3430 387 3494 cui
405 3441 453 3494 est
471 3441 562 3496 vetus
580 3431 674 3496 aedes
697 3433 782 3516 apud
803 3433 935 3509 circum,
961 3432 1074 3516 inquo
1093 3433 1215 3498 facinus
1231 3432 1367 3517 paraba-

337 3535 401 3602 tur,
427 3523 482 3607 qni
508 3524 630 3589 occmta
656 3524 876 3591 coniurationis
903 3526 1032 3591 numine
1057 3526 1235 3604 retexisset3
1267 3535 1367 3609 utque

337 3616 523 3685 circensium
537 3616 708 3684 Cerialium
724 3618 879 3685 ludicrum
892 3618 1035 3705 pluribus
1054 3641 1206 3704 equorum
1219 3620 1366 3685 cursibus

338 3713 545 3782 celebraretur
561 3713 740 3798 mensisque
758 3711 878 3798 Aprilis
896 3712 1033 3779 Neronis
1051 3721 1296 3801 cognomentum
1313 3735 1368 3778 ac-

338 3811 464 3897 ciperet,
484 3811 634 3896 templum
654 3805 757 3876 Saluti
774 3817 970 3874 extrueretur
987 3829 1025 3874 eo
1043 3808 1114 3886 loci,
1134 3831 1174 3873 ex
1191 3830 1254 3892 quo
1268 3805 1369 3874 Scae-

337 3906 430 3972 vinus
448 3905 565 3971 serrum
582 3914 791 3992 prompserat3
818 3903 886 3989 ipse
909 3925 982 3968 eum
1004 3903 1177 3989 pugionem
1199 3901 1284 3988 apud
1303 3900 1368 3966 Ca-

338 3999 480 4084 pitolium
507 3999 641 4065 sacravit
666 3998 885 4084 inscripsitque
907 3997 977 4063 Iovi
999 3997 1129 4074 vindici,
1156 3995 1190 4060 in
1216 4017 1366 4080 praesens

337 4093 423 4158 hand
445 4094 711 4172 animadversum
737 4103 810 4179 post
832 4117 919 4158 arma
940 4090 1014 4158 Iulii
1031 4089 1175 4156 Vindicis
1197 4090 1238 4154 ad
1260 4089 1367 4174 auspi·

338 4187 421 4251 cium
440 4197 470 4253 ct
488 4189 687 4276 praesagium
705 4189 828 4255 suturae
846 4187 972 4254 ultionis
986 4185 1175 4252 trahebatur.
1193 4183 1316 4270 reperio
1333 4182 1367 4246 in
