3042 4956
328 437 391 504 200
679 435 1006 509 conumu'raorrr

1246 555 1265 586 a.
1277 557 1299 586 u.
1310 549 1362 588 801.

325 608 437 687 dierat,
455 617 632 695 promptus,
652 608 865 674 discordantes
883 607 916 673 in
934 610 1098 676 eonsilium
1116 621 1209 678 vocat
1227 637 1265 678 ac
1283 636 1362 700 pro-

324 725 410 768 mere
428 702 614 768 seutentiam
632 713 664 768 et
680 703 802 768 adicere
819 703 955 770 rationes
973 705 1069 770 iubet.

291 817 306 866 a
388 797 556 866 Narcissus
570 807 660 863 votus
674 799 916 878 matrimonium,
934 800 1086 866 familiam
1100 824 1300 869 communem
1314 843 1358 852 -

324 915 398 960 nam
415 891 556 959 Antonia
577 915 618 960 ex
634 893 767 959 Paetina
788 904 854 958 erat
871 933 928 974 -,
946 895 1023 960 nihil
1045 897 1077 960 iu
1099 897 1267 982 penatibus
1286 898 1356 966 eius

324 1010 442 1053 novum
460 987 646 1066 disserebat,
670 988 698 1053 si
715 997 805 1054 sueta
822 989 936 1053 coniux
956 990 1085 1069 rediret,
1107 991 1357 1076 haudquaquam

324 1082 541 1154 novercalibus
550 1083 629 1149 odiis
642 1081 749 1148 visura
757 1083 971 1148 Britannicum
981 1093 1012 1149 et
1022 1082 1199 1163 Octaviam,
1208 1087 1357 1172 proxima

326 1178 391 1243 suis
413 1179 556 1266 pignora.
588 1178 739 1244 Callistus
761 1177 957 1263 inprobatam
978 1179 1074 1266 longo
1096 1179 1242 1258 discidio,
1266 1202 1305 1245 ac
1327 1181 1357 1246 si

324 1295 449 1338 nusum
467 1284 691 1350 assumeretur,
715 1295 753 1337 eo
770 1273 839 1358 ipso
858 1272 1040 1358 superbam
1063 1274 1218 1361 longeque
1236 1275 1355 1340 rectius

323 1367 463 1432 Lolliam
480 1368 600 1445 induci,
623 1367 749 1450 quando
766 1366 869 1432 nullos
887 1365 1002 1432 liberos
1020 1369 1195 1454 genuisset,
1218 1391 1356 1435 vacuam

324 1459 530 1526 aemulatione
545 1471 575 1526 et
587 1461 739 1547 privignis
754 1460 891 1546 parentis
904 1460 974 1525 loco
988 1461 1134 1527 futuram.
1158 1473 1191 1528 at
1198 1462 1308 1528 Pallas
1322 1465 1356 1528 id

323 1554 458 1619 maxime
480 1555 513 1619 in
531 1553 709 1642 Agrippina
730 1555 872 1633 laudare,
895 1554 980 1639 quod
1003 1553 1183 1622 Gennanici
1204 1567 1355 1644 nepotem

323 1669 431 1713 secum
449 1648 592 1727 traheret,
612 1649 743 1734 dignum
759 1671 890 1735 prorsus
908 1650 1105 1735 imperatoria
1122 1651 1264 1716 fortuna:
1283 1652 1356 1717 stir-

321 1763 394 1825 pem
412 1742 549 1808 nobilem
567 1752 599 1808 et
615 1743 752 1808 familiae
769 1744 870 1808 Iuliae
884 1742 1098 1828 Claudiaeque
1115 1755 1259 1830 posteros
1278 1767 1355 1811 con-

322 1834 473 1922 iungeret,
491 1859 532 1902 ne
549 1836 668 1902 femina
685 1846 829 1923 expertae
846 1837 1056 1915 fecunditatis,
1074 1839 1197 1926 integra
1213 1840 1353 1918 iuventa,

323 1928 538 1996 claritudinem
557 1930 731 1998 Caesarum
749 1931 842 1996 aliam
858 1930 893 1995 in
910 1932 1039 1996 domum
1057 1933 1160 1998 ferret.

290 2043 322 2090 s.
387 2023 595 2092 Praevaluere
617 2027 696 2092 haee
717 2026 824 2091 adiuta
844 2023 1041 2112 Agrippinae
1063 2027 1242 2103 inlecebris,
1270 2050 1354 2112 quae

323 2119 364 2184 ad
382 2141 454 2185 eum
470 2143 527 2207 per
544 2121 682 2207 speeiem
698 2120 938 2186 necessitudinis
957 2120 1066 2186 crebro
1083 2121 1268 2186 ventitando
1285 2123 1354 2208 pel-

322 2212 387 2277 licit
400 2224 556 2298 patruum,
574 2224 611 2279 ut
628 2215 766 2300 praelata
779 2214 889 2278 ceteris
908 2223 939 2278 et
956 2214 1097 2278 nondum
1115 2237 1196 2279 uxor
1211 2217 1354 2300 potentia

322 2307 433 2371 uxoria
453 2308 516 2371 iam
539 2318 690 2386 uteretur3
716 2331 790 2373 nam
810 2307 867 2372 ubi
890 2307 939 2372 sui
961 2308 1149 2373 matrimonii
1172 2317 1257 2373 certa
1278 2309 1350 2387 fuit,

324 2409 443 2465 struere
461 2402 578 2466 maiora
595 2403 783 2488 nuptiasque
800 2401 949 2480 Domitii,
968 2424 1062 2488 quem
1081 2426 1120 2467 ex
1140 2402 1199 2469 Cn.
1218 2401 1352 2468 Aheno-

321 2492 419 2558 barbo
437 2505 601 2580 genuerat,
620 2505 652 2559 et
671 2493 833 2574 Octaviae,
855 2494 1003 2561 Caesaris
1021 2495 1112 2572 filiae,
1132 2496 1247 2574 moliri;
1266 2497 1354 2580 quod

322 2587 389 2650 siue
420 2587 536 2651 scelere
561 2590 733 2674 perpetrari
754 2612 819 2654 non
839 2599 975 2675 poterat,
1004 2590 1078 2674 quia
1098 2590 1140 2654 L.
1165 2587 1274 2654 Silano
1296 2591 1355 2654 de·

322 2680 489 2765 sponderat
503 2679 670 2747 Octaviam
685 2682 804 2749 Caesar
817 2685 1023 2768 iuvenemque
1041 2694 1073 2748 et
1090 2684 1151 2749 alia
1168 2681 1286 2749 clarum
1304 2685 1354 2750 in-

268 2791 272 2798 '
323 2774 403 2859 signi
417 2774 650 2861 triumphalium
663 2786 695 2841 et
707 2777 884 2864 gladiatorii
892 2779 1030 2843 muneris
1039 2776 1271 2864 magnificentia
1278 2800 1353 2864 pro-

322 2870 434 2933 tulerat
447 2870 488 2934 ad
501 2871 606 2936 studia
617 2871 719 2958 vulgi;
735 2872 791 2937 sed
800 2871 876 2938 nihil
890 2872 1023 2938 arduum
1031 2871 1195 2938 videbatur
1203 2872 1236 2936 in
1245 2873 1352 2938 animo

321 2963 485 3051 principis,
504 2966 555 3030 cui
571 2989 636 3032 non
653 2967 816 3045 iudicium,
835 2990 898 3032 non
915 2966 1024 3032 odium
1042 2976 1109 3032 erat
1124 2967 1186 3031 nisi
1202 2967 1303 3032 indita
1320 2978 1354 3032 et

322 3083 419 3125 russo.

288 3179 304 3224 4
386 3151 489 3241 Igitur
505 3155 666 3233 Vitellius,
690 3157 815 3222 nomine
834 3155 971 3221 censoris
990 3155 1119 3220 serviles
1138 3154 1277 3220 fallacias
1295 3153 1354 3220 ob-

322 3262 432 3334 tegens
455 3249 728 3334 ingruentiumque
751 3250 997 3315 dominationum
1017 3249 1174 3334 provisor,
1197 3270 1260 3332 quo
1278 3271 1353 3336 gra-

322 3342 397 3405 tiam
411 3342 606 3426 Agrippinae
624 3351 756 3428 pararet,
776 3343 913 3408 consiliis
932 3343 999 3408 eius
1017 3342 1179 3428 implicari,
1197 3342 1278 3406 ferre
1292 3343 1353 3407 ori-

321 3436 406 3499 mina
422 3435 455 3498 in
470 3432 622 3514 Silanum,
642 3437 731 3502 ouius
746 3459 820 3502 sane
834 3438 946 3504 decora
965 3446 997 3502 et
1013 3460 1131 3523 procax
1144 3459 1240 3513 soror,
1258 3435 1353 3502 Iunia

322 3527 464 3605 Calvina,
482 3527 568 3593 haud
580 3531 714 3595 multum
731 3539 804 3594 ante
816 3529 936 3596 Vitellii
952 3555 1050 3596 nurus
1068 3531 1184 3596 fuerat:
1202 3530 1275 3595 hinc
1292 3531 1353 3594 ini-

321 3622 398 3688 tium
421 3623 643 3702 accusationis3
665 3623 859 3709 fratrumque
876 3648 940 3690 non
961 3627 1117 3691 incestum
1135 3625 1192 3690 sed
1213 3624 1352 3690 incusto-

321 3719 422 3784 ditum
443 3727 581 3784 amorem
603 3719 644 3784 ad
664 3717 826 3784 infamiam
850 3721 958 3798 traxit3
986 3730 1017 3786 et
1037 3718 1209 3807 praebebat
1231 3717 1353 3784 Caesar

321 3836 423 3893 aures,
442 3812 630 3900 accipiendis
644 3813 794 3878 adversus
808 3835 959 3900 generum
973 3813 1205 3901 suspicionibus
1223 3812 1352 3878 caritate

320 3907 403 3973 filiae
419 3907 600 3995 promptior.
624 3919 656 3975 at
670 3907 797 3974 Silanus
815 3908 998 3974 insidiarum
1015 3908 1140 3973 nescius
1159 3929 1197 3972 ac
1213 3906 1295 3972 forte
1312 3927 1352 3970 eo

321 4022 403 4067 auno
416 4012 549 4088 praetor,
567 4013 695 4090 repente
707 4024 764 4089 per
781 4002 918 4068 edictum
930 4002 1050 4068 Vitellii
1068 4001 1176 4067 ordine
1194 3998 1350 4066 senatorio

321 4105 477 4174 movetur,
501 4118 692 4182 quamquam
713 4097 794 4164 lecto
815 4097 937 4184 pridem
960 4107 1071 4164 senatu
1092 4095 1253 4179 lustroque
1275 4115 1352 4158 con·

319 4185 401 4264 .dito;
426 4189 518 4253 simul
541 4191 725 4258 affinitatem
744 4191 897 4259 Claudius
920 4192 1057 4269 diremit,
1080 4190 1273 4273 adactusque
1298 4183 1350 4252 Si·
