2958 4960
429 497 642 554 murmuri
658 497 734 552 ΠΒ
748 498 772 552 1.
791 499 878 552 l—3r
1148 489 1170 552 5

134 659 269 736 tradere,
285 679 361 722 mox
374 655 496 720 [liberii
512 655 723 758 principsbrm
740 665 772 718 et
783 664 896 733 cetera,
915 657 983 722 sirre
995 657 1042 723 ira
1054 669 1087 724 et
1103 669 1170 724 stu.

133 753 204 830 dio,
224 774 354 835 quorum
372 773 488 814 causas
505 749 616 834 procul
633 749 746 813 babeo.

200 845 375 929 Postquam
382 844 526 907 Brutoet
535 841 759 908 Cassioem
772 843 1063 929 nullaiampubliea
1071 869 1167 925 mma,
1184 867 1199 912 ι’

131 938 306 1024 Pompeius
320 938 407 1022 apud
417 935 559 1002 Siciliam
572 959 742 1022 oppressus
756 946 913 1019 exutoque
925 939 1061 1023 Lepido,
1075 941 1168 1004 inter-

132 1033 221 1098 fecto
233 1032 373 1097 Antonio
390 1053 432 1095 ne
444 1030 578 1094 Iulianis
591 1030 718 1112 quidem
735 1029 878 1114 portibus
895 1031 957 1097 uisi
971 1033 1092 1098 Caesar
1102 1035 1168 1100 dux

131 1125 289 1210 reliquus,
319 1125 425 1210 posito
446 1124 601 1188 triumviri
622 1123 748 1188 nomine
769 1123 932 1189 consulem
953 1149 988 1190 se
1010 1127 1114 1191 serens
1136 1139 1168 1192 et

132 1220 175 1284 ad
193 1220 342 1284 tuendam
356 1217 483 1303 plebem
495 1217 662 1280 tribunicio
678 1217 746 1281 iure
759 1228 950 1296 contentum,
968 1219 1024 1285 ubi
1036 1221 1166 1285 militem

132 1315 234 1390 donis,
252 1313 408 1398 populum
421 1334 556 1387 annona,
575 1321 705 1376 cunctos
718 1312 883 1377 dulcedine
895 1314 951 1378 otii
963 1315 1101 1400 pellexit,
1119 1316 1166 1380 irr-

132 1431 261 1494 surgere
278 1406 442 1492 paulatim,
460 1406 569 1470 munia
586 1415 724 1483 senatus,
742 1407 991 1492 magistratuum,
1009 1409 1116 1496 legum
1133 1411 1165 1474 in

132 1525 167 1567 se
191 1503 327 1577 trahere,
355 1499 442 1565 nullo
464 1500 666 1577 adversante,
692 1521 765 1564 cum
790 1501 977 1567 ferocissimi
1002 1526 1060 1590 per
1080 1505 1163 1570 acies

132 1605 188 1659 aut
204 1594 432 1680 proscriptione
450 1593 646 1670 cecidissent,
665 1593 761 1658 ceteri
777 1593 939 1673 nobilium,
957 1608 1074 1680 quanto
1092 1599 1163 1682 quis

131 1689 259 1753 servitio
281 1687 471 1774 promptior,
499 1686 612 1772 opibus
635 1696 667 1751 et
688 1686 859 1754 honoribus
885 1690 1105 1756 extollerentur
1125 1715 1163 1758 ae

130 1783 220 1847 novis
238 1805 282 1846 ex
298 1780 393 1846 rebus
408 1780 493 1845 aucti
511 1791 579 1852 tuta
595 1789 627 1844 et
643 1780 821 1865 praesentia
832 1803 927 1866 qnam
940 1800 1046 1848 vetera
1063 1801 1095 1850 ct
1107 1808 1163 1871 pc-

130 1875 266 1940 riculosa
278 1874 418 1938 mallent.
437 1896 540 1956 neque
552 1874 731 1959 provinciae
748 1873 837 1938 illurn
851 1897 954 1939 rerum
973 1887 1089 1942 statum
1107 1879 1163 1944 ab·

130 1968 279 2046 nuebarrt,
300 1977 448 2053 suspecto
462 1977 589 2032 senatus
602 1967 773 2052 populique
786 1969 917 2053 imperio
934 1968 975 2034 ob
993 1972 1163 2034 certamina

130 2064 305 2148 potentium
319 2072 351 2126 et
364 2061 527 2126 avaritiam
539 2062 789 2147 magistratuum,
803 2061 941 2127 invalido
954 2063 1061 2150 legum
1074 2064 1163 2128 auxi-

130 2159 186 2236 lio,
204 2179 288 2241 quae
305 2157 351 2232 vi,
370 2155 505 2232 ambitu,
523 2165 681 2239 postremo
698 2156 833 2240 pecunia
851 2155 1064 2223 turbabantur.

194 2251 347 2319 Ceterum
355 2250 523 2336 Augustus
533 2250 675 2315 subsidia
683 2250 888 2316 dominationi
899 2249 1067 2316 Claudium
1073 2249 1162 2316 Mar·
1179 2275 1193 2321 a

131 2347 258 2424 cellum,
280 2345 395 2411 sororis
413 2344 521 2420 filium,
541 2344 712 2408 admodum
729 2343 961 2410 adulescentem
978 2345 1162 2433 pontificatu

131 2455 161 2505 ct
178 2441 281 2506 curuli
298 2439 465 2516 aedilitate,
484 2438 532 2503 M.
550 2436 738 2525 Agrippam,
756 2437 927 2526 ignobilelrr
944 2439 1022 2520 loco,
1041 2441 1160 2507 bonum

130 2536 239 2600 militia
257 2544 289 2599 et
305 2535 455 2599 victoriae
474 2535 604 2612 socium,
622 2533 789 2620 geminatis
807 2535 1019 2602 consulatibus
1038 2536 1157 2613 extulit,

129 2653 205 2695 mox
225 2629 377 2693 defuncto
394 2627 546 2692 Marcello
567 2650 719 2714 generum
741 2630 888 2715 sumpsit3
912 2629 1074 2696 Tiberium
1095 2631 1159 2696 Ne·

128 2747 238 2788 torrem
257 2733 288 2787 et
307 2721 478 2786 Claudium
494 2721 639 2786 Drusum
656 2722 817 2808 privignos
835 2723 1040 2809 imperatoriis
1058 2725 1159 2791 norni-

128 2818 221 2884 nibus
245 2816 346 2894 auxit,
374 2815 496 2903 integra
518 2817 612 2881 etiam
634 2827 702 2881 tum
724 2817 817 2884 domo
841 2843 913 2897 sua3
939 2843 1012 2884 narn
1033 2820 1156 2906 genitos

128 2911 276 2997 Agrippa
289 2909 406 2975 Gaium
419 2932 457 2974 ac
468 2910 607 2974 Lucium
620 2910 653 2974 iu
670 2910 821 2975 familiam
836 2911 1009 2978 Caesarum
1026 2914 1158 2978 induxe-

128 3018 176 3070 rat
189 3005 325 3069 necdum
338 3005 441 3089 posita
452 3005 564 3089 puerili
578 3013 740 3090 praetexta
748 3005 903 3091 principes
918 3007 1088 3072 iuventutis
1103 3031 1157 3092 ap-

127 3099 252 3184 pellari,
275 3098 426 3162 destinari
442 3098 586 3163 consules
605 3099 709 3184 specie
726 3098 899 3163 recusantis
918 3099 1156 3184 flagrantissimo

5 3230 9 3241 ·
128 3192 300 3277 cupiverat.
318 3201 354 3254 ut
367 3190 513 3278 Agrippa
526 3193 591 3258 vita
604 3192 767 3269 concessit,
786 3191 827 3256 L.
843 3189 1013 3257 Caesarem
1032 3202 1156 3257 euntem

128 3287 168 3350 ad
186 3285 410 3370 Hispaniensis
429 3286 593 3364 exercitus,
614 3284 731 3352 Gaium
748 3294 938 3350 remeantem
955 3284 1108 3352 Armenia
1126 3298 1157 3353 et

127 3379 256 3443 vulnere
273 3379 447 3443 invalidum
464 3402 549 3445 mors
571 3380 637 3446 fato
655 3402 788 3465 propera
805 3380 855 3445 vel
873 3403 1024 3447 novercae
1041 3381 1155 3448 Liviae

125 3473 218 3538 dolus
233 3471 372 3550 abstulit,
390 3472 560 3558 Drusoque
572 3467 695 3560 pridem
709 3475 845 3540 extincto
857 3475 940 3541 Nero
954 3477 1039 3543 solus
1058 3500 1075 3542 e
1092 3478 1155 3563 pri-

125 3566 231 3652 vignis
255 3575 335 3644 erat,
358 3566 432 3632 illuc
454 3578 567 3634 cuncta
588 3590 732 3654 vergere:
759 3569 855 3648 filius,
880 3570 1001 3658 collega
1021 3571 1153 3657 imperii,

124 3683 255 3725 consors
269 3660 452 3726 tribuniciae
460 3663 623 3746 potestatis
638 3662 812 3727 adsumitur
820 3664 984 3748 omnisque
997 3687 1054 3750 per
1067 3687 1155 3730 exer-

123 3755 206 3818 citus
230 3764 417 3831 ostentatur,
443 3778 508 3819 non
530 3755 686 3833 obscuris,
710 3764 870 3834 utentes,
893 3757 1001 3822 matris
1024 3757 1153 3835 artibus,

122 3848 183 3914 sed
193 3847 300 3933 palam
308 3848 443 3912 hortatu.
462 3873 535 3914 nam
550 3871 657 3914 senem
671 3848 854 3936 Augustum
868 3851 1050 3916 devinxerat
1063 3851 1152 3930 adeo,

122 3943 170 4006 uti
191 3952 340 4027 nepotem
365 3943 506 4022 unicum,
532 3942 710 4030 Agrippam
732 3944 933 4024 Postumum,
960 3946 993 4010 in
1018 3945 1152 4012 insulam

119 4035 306 4100 Planasiam
328 4037 495 4121 proiceret,
518 4038 628 4102 rudem
651 4060 726 4104 sane
747 4037 902 4104 bonarum
923 4040 1037 4106 artium
1055 4051 1086 4106 et
1102 4065 1153 4108 ro-

120 4129 199 4196 bore
223 4131 362 4216 corporis
385 4131 496 4195 stolide
513 4131 664 4210 ferocem,
687 4131 802 4198 nullius
826 4143 931 4199 tamen
951 4135 1061 4223 flagitii
1079 4157 1153 4203 corr·

120 4234 262 4311 portum:
286 4234 320 4290 at
340 4223 466 4290 hercule
485 4222 708 4292 Germanicum
725 4225 834 4292 Druso
856 4237 958 4294 ortum
981 4240 1050 4297 octo
1068 4233 1151 4316 apud
