3020 4958
638 285 656 324 0

420 414 629 474 sanamur
646 416 722 472 mn.
735 417 815 474 mv.
832 419 967 488 ea--es⁴
1130 408 1195 474 283

171 523 192 561 ρ.
201 509 240 550 cu.
251 510 284 550 aa.

169 577 358 664 pertulisset.
385 574 583 660 restringitur
599 575 727 653 vinclis,
750 597 911 662 venaeque
929 578 996 641 eius
1013 598 1071 662 per
1087 601 1196 644 omnes

170 681 252 735 artus
270 668 479 733 exsolvuntur
495 676 527 731 et
547 668 622 751 quia
641 689 771 754 pressus
787 692 905 756 pavore
927 671 1056 756 sanguis
1077 672 1196 736 tardius

168 763 348 840 labebatur,
365 760 556 848 praefervidi
572 761 678 826 balnei
695 785 810 848 vapore
828 773 989 843 enecatum
1011 764 1197 849 additurque

167 857 302 922 atrocior
318 855 464 934 saevitia,
486 856 572 940 quod
589 866 684 942 caput
702 866 898 942 amputatum
919 857 1079 942 latumque
1096 857 1130 922 iu
1146 880 1198 922 ur-

167 952 240 1018 bem
257 951 411 1036 Poppaea
432 950 519 1014 vidit.
546 950 629 1015 dona
650 950 691 1016 ob
713 949 792 1016 haec
810 951 934 1037 templis
956 951 1090 1017 decreta
1102 972 1198 1034 quae

166 1047 205 1110 ad
224 1069 294 1110 eum
311 1045 406 1109 linem
423 1045 681 1122 memoravimus,
703 1057 739 1109 ut
755 1046 944 1132 quicumque
966 1067 1059 1111 casus
1078 1055 1198 1130 tempo-

166 1165 238 1206 rum
254 1140 380 1205 illorum
397 1139 488 1205 nobis
508 1139 561 1206 vel
579 1139 648 1205 aliis
671 1140 850 1206 auctoribus
868 1149 1013 1219 noscent,
1035 1162 1198 1226 praesum-

166 1245 257 1321 ptum
278 1233 429 1312 babeant,
456 1235 601 1318 quotiens
622 1234 717 1322 fugas
740 1244 772 1299 et
794 1236 905 1302 caedes
927 1235 1020 1301 iussit
1040 1234 1196 1320 princeps,

47 1383 57 1392 .
167 1330 282 1395 totiens
300 1339 406 1416 grates
419 1329 486 1394 deis
500 1339 597 1408 actas,
616 1352 760 1414 quaeque
773 1353 877 1395 rerum
891 1332 1099 1397 secundarum
1112 1328 1196 1405 olim,

167 1435 234 1489 turn
241 1422 388 1510 publicae
401 1423 499 1488 cladis
512 1425 650 1511 insignia
662 1424 771 1490 fuisse.
790 1448 892 1510 neque
905 1435 1011 1490 tamen
1024 1423 1196 1500 silebimus,

168 1521 195 1584 si
211 1519 299 1603 quod
316 1527 442 1584 senatus
456 1519 635 1584 consultum
648 1520 825 1586 adulatione
843 1543 960 1587 novum
977 1530 1032 1586 aut
1048 1517 1199 1608 patientia

166 1623 361 1698 postremum
378 1611 447 1677 fuit.

229 1707 356 1772 Eodem
373 1730 454 1774 anno
472 1707 653 1773 libertorum
665 1709 846 1794 potissimos
864 1733 985 1778 veneno
1002 1708 1197 1776 interfecisse
1216 1726 1248 1773 ea

167 1801 304 1880 creditus
323 1811 384 1879 est,
406 1800 632 1889 Doryphorum
649 1803 740 1886 quasi
761 1802 962 1870 adversatum
978 1805 1096 1892 nuptiis
1112 1803 1198 1889 Pop-

165 1919 275 1982 paeae,
292 1895 479 1974 Pallantem,
498 1898 584 1981 quod
596 1897 771 1962 inmensam
783 1900 950 1983 pecuniam
963 1899 1059 1985 longa
1072 1908 1198 1964 senecta

166 1992 329 2056 detineret.
347 1989 510 2056 Romanus
521 1991 648 2057 secretis
658 1991 924 2058 criminationibus
933 1994 1131 2057 incusaverat
1140 1989 1197 2056 Se-

165 2109 279 2152 necam
297 2093 331 2150 ut
344 2084 383 2151 C.
397 2085 523 2152 Pisonis
540 2087 675 2166 socium3
694 2087 752 2151 sed
765 2086 899 2151 validius
918 2111 937 2152 a
952 2084 1074 2152 Seneca
1087 2085 1196 2149 eodem
1244 2171 1248 2176 Ι

166 2180 297 2245 crimine
313 2179 477 2264 perculsus
495 2190 552 2246 est.
580 2181 664 2246 unde
680 2180 792 2246 Pisoni
810 2181 916 2258 timor,
939 2189 970 2245 et
987 2190 1055 2245 orta
1071 2177 1199 2244 insidia·

165 2297 237 2339 rum
254 2274 288 2340 in
305 2273 463 2340 Neronem
480 2298 597 2362 magna
613 2275 713 2341 moles
732 2284 764 2340 et
780 2276 974 2363 inprospera.

486 2496 704 2554 CORNELII
726 2495 881 2552 TACITI

354 2636 1014 2737 ANNALIUM

417 2815 467 2864 AB
485 2816 657 2869 EXCESSU
675 2819 758 2868 DIVI
775 2819 944 2871 AUGUSTI

390 2971 526 3027 LIBER
544 2973 744 3039 QUINTUS
762 2973 974 3030 DECIMUS.

588 3131 774 3172 scammum.

221 3210 289 3280 Gap.
300 3211 324 3264 1.
334 3212 359 3266 2.
368 3211 531 3283 Vologeses
544 3229 594 3268 rex
602 3214 773 3268 Parthorum
781 3214 888 3268 bellum
902 3217 996 3268 mente
1006 3210 1107 3280 volvit,
1121 3209 1199 3265 insti-

169 3287 305 3359 gantibus
314 3288 402 3343 fratre
416 3289 542 3346 tundata
561 3298 592 3346 et
604 3291 768 3346 Monobaao
781 3290 945 3360 Adiabeno,
964 3305 1048 3362 quem
1061 3288 1200 3358 Tigranes

169 3371 294 3420 vexarat.
321 3366 346 3420 3.
361 3365 487 3422 Corbulo
503 3365 602 3438 Syriae
620 3369 744 3424 tuendae
762 3367 902 3438 providet
928 3367 954 3422 4.
968 3366 1068 3423 Parthi
1082 3367 1199 3421 Monese

170 3442 243 3496 duce
254 3442 462 3512 Tigranocerta
472 3445 613 3501 obsident.
631 3445 656 3500 5.
662 3446 800 3518 Vologesi
806 3444 931 3501 Corbulo
941 3445 1069 3501 inducias
1081 3442 1164 3500 offert
1172 3449 1202 3498 et

169 3518 311 3588 impetrat
329 3519 813 3580 6-8.CaeaenniiPaetiArmeniae
821 3517 921 3580 reeens
930 3523 1070 3594 praefecti
1079 3521 1199 3590 vanitas,

169 3594 291 3664 ferocia,
307 3595 461 3668 imperitia,
475 3598 619 3655 iaetantia.
638 3601 740 3657 9-11.
751 3603 787 3656 ab
802 3601 963 3656 invadenda
978 3599 1060 3672 syria
1075 3598 1199 3653 Corbulo

170 3671 312 3726 absterret
325 3675 462 3744 Parthos,
482 3677 531 3747 qui
545 3675 696 3734 Armeniae
712 3685 743 3734 et
755 3681 846 3735 Paeto
860 3678 1036 3733 incumbunt
1053 3676 1101 3730 hic
1114 3690 1199 3744 aegre

170 3746 361 3805 Corbulonem
370 3753 475 3808 auxilio
486 3756 689 3810 vocatParthis
697 3758 901 3828 prementibus.
920 3757 961 3808 12.
971 3755 995 3808 is
1004 3751 1201 3807 insanarum

168 3825 316 3894 profectus
330 3827 473 3900 fugientes
487 3831 632 3902 obiurgat,
649 3850 717 3888 suos
731 3833 869 3888 hortatur.
888 3833 930 3885 13.
939 3831 1100 3900 Vologeses
1112 3828 1201 3881 instat

168 3903 330 3958 Paetoalt.
341 3903 382 3961 15.
392 3907 561 3978 disceptatio
575 3909 649 3964 inter
658 3911 804 3966 Romanos
819 3916 849 3964 et
857 3908 993 3976 Parthos,
1008 3923 1042 3959 ex
1052 3921 1109 3976 qua
1117 3901 1200 3958 Paeti

169 3977 257 4033 foeda
271 3983 450 4053 compositio.
471 3987 513 4040 16.
528 3985 654 4042 Corbulo
668 3988 697 4040 in
710 3984 874 4040 Armeniam
887 3983 972 4038 veuit.
999 3983 1041 4036 17.
1054 3983 1145 4036 Paeto
1158 3979 1199 4033 in-

169 4056 280 4125 crepito
290 4057 401 4129 Syriam
409 4063 521 4132 repetit.
540 4065 581 4118 18.
591 4065 699 4117 Romae
713 4061 811 4117 inania
824 4063 859 4116 de
869 4059 983 4115 Parthis
997 4065 1124 4130 tropaea.
1143 4057 1199 4113 fru-

167 4138 406 4206 mentumplebis.
423 4140 585 4212 vectigalia.

222 4212 264 4266 19.
279 4212 331 4270 SC.
345 4217 381 4272 de
392 4216 531 4273 simulatis
546 4215 756 4289 adoptionibus.
778 4217 819 4271 20.
829 4217 871 4271 21.
882 4215 1018 4272 Claudius
1031 4214 1197 4272 unarchus
