2960 4962
157 533 246 574 Μ
314 439 524 498 nnuma
540 439 615 494 nn.
630 439 679 496 vr.
697 441 817 497 ιιι-36.
833 443 975 518 (ar-eo.)
1098 435 1160 500 ιιι

127 546 149 585 P·

126 601 257 666 ducenti
275 598 504 684 qninquaginta
520 598 595 662 anni
612 596 754 674 fuerunt3
778 599 863 666 nnde
883 601 1022 668 nonnulli
1043 603 1159 670 falsum

126 695 208 760 hunc
221 693 413 781 phoenicem
426 713 528 775 neque
537 691 683 756 Arabum
696 715 714 756 e
727 694 818 758 terris
832 695 1001 774 credidere,
1019 698 1158 782 nihilque

124 789 335 874 usurpavisse
352 809 394 851 ex
409 786 460 850 his
478 807 559 870 quae
571 795 662 850 vetus
680 788 831 852 memoria
847 788 996 855 firmavit:
1015 791 1159 859 confecto
1195 817 1200 824 ’

125 885 244 969 qnippe
272 903 428 947 annorum
452 899 599 957 numero,
625 879 681 944 ubi
703 903 787 946 mors
809 883 1011 968 propinquet,
1038 886 1104 952 suis
1125 887 1159 954 in

125 979 214 1042 terris
240 987 363 1042 struere
384 975 493 1039 nidum
515 975 606 1058 eique
627 973 692 1040 vim
713 975 882 1061 genitalem
904 977 1091 1056 adfundere,
1118 1003 1159 1048 ex

124 1093 185 1156 qua
202 1071 310 1136 fetum
328 1070 401 1135 oriri
406 1094 416 1147 ς
433 1079 465 1133 et
477 1068 611 1154 primam
623 1069 731 1133 adulto
744 1091 852 1134 curam
865 1071 1035 1156 sepeliendi
1049 1075 1157 1159 patris,

123 1191 227 1254 neque
246 1169 281 1233 id
297 1178 425 1245 temere,
445 1167 502 1231 sed
519 1165 643 1230 sublato
655 1187 780 1230 murrae
792 1166 931 1251 pondere
943 1176 1157 1254 temptatoque

123 1265 332 1350 perlongum
349 1263 417 1338 iter,
435 1261 491 1326 ubi
507 1283 565 1346 par
582 1260 677 1337 oneri,
696 1282 755 1345 par
770 1261 887 1326 meatui
905 1261 959 1339 sit,
979 1263 1084 1328 subire
1101 1287 1157 1349 pa-

125 1360 220 1423 trium
248 1379 365 1442 corpus
391 1357 486 1438 inque
513 1353 599 1420 Solis
625 1377 712 1420 aram
737 1355 875 1440 perferre
901 1366 996 1439 atque
1022 1357 1155 1424 adolere.

123 1452 201 1517 haee
219 1453 344 1517 incerta
361 1459 393 1516 et
413 1449 566 1514 fabulosis
585 1458 691 1513 aucta:
717 1458 855 1514 ceterum
872 1450 971 1536 aspici
989 1451 1156 1536 aliquando

124 1547 157 1610 in
172 1547 330 1634 Aegypto
348 1567 418 1609 eam
436 1543 595 1608 volucrem
612 1565 677 1608 non
694 1543 872 1630 ambigitur.

185 1641 237 1705 At
258 1642 383 1705 Romae
404 1639 500 1703 caede
521 1637 670 1704 continua
691 1636 883 1724 Pomponius
906 1639 1031 1720 Labeo,
1057 1662 1181 1750 quem
1173 1644 1206 1691 ³⁵

125 1735 304 1818 praefuisse
320 1733 463 1798 Moesiae
480 1732 594 1809 rettuli,
612 1754 669 1817 per
686 1730 834 1817 abruptas
853 1755 948 1800 venas
967 1710 1175 1822 sanguinem
1167 1707 1210 1761 ᾗ)

125 1829 252 1907 effudit3
280 1827 499 1910 aemulataque
516 1835 565 1891 est
582 1826 718 1892 coniunx
734 1825 876 1906 Paxaea,
902 1851 976 1892 nam
992 1840 1153 1915 pmmptas

126 1922 282 2003 eiusmodi
300 1931 415 1985 mortes
433 1929 535 1985 metns
554 1919 707 1984 carnificis
721 1918 865 1999 faciebat,
884 1921 1003 2004 etquis
1015 1922 1155 1986 damnati

125 1999 294 2099 publicatis
311 2015 403 2080 bonis
422 2013 582 2101 sepultura
598 2012 852 2099 prohibebantur,
872 2035 981 2078 eorum
998 2035 1053 2097 qm
1043 2014 1105 2079 'de
1119 2037 1154 2080 se

126 2110 307 2176 statuebant
319 2108 529 2173 humabantur
537 2129 678 2194 corpora,
692 2106 862 2172 manebant
870 2116 1065 2185 testamenta,
1083 2130 1155 2194 pre-

126 2203 203 2268 tinm
228 2203 412 2270 festinandi.
449 2202 506 2268 sed
533 2200 654 2267 Caesar
679 2191 785 2266 missis
811 2201 852 2266 ad
874 2209 1080 2266 senatumt
1043 2201 1154 2266 litteris

126 2297 402 2364 dissentitmorem
414 2296 513 2362 fuisse
527 2296 712 2373 maioribus,
731 2295 875 2379 quotiens
886 2295 1065 2362 dirimerent
1077 2296 1155 2360 ami-

126 2391 227 2472 citias,
250 2391 436 2457 interdicere
454 2390 549 2455 domo
565 2411 701 2473 eumque
718 2389 814 2454 finem
831 2390 951 2477 gratiae
967 2411 1097 2476 ponere:
1120 2391 1153 2456 id

127 2507 159 2550 se
174 2487 362 2574 repetivisse
378 2486 412 2550 in
429 2484 596 2563 Labeone,
624 2495 718 2569 atque
734 2485 837 2564 illum,
863 2485 938 2569 quia
955 2484 1036 2551 male
1054 2485 1153 2552 admi-

126 2579 274 2646 nistratae
294 2581 475 2665 provinciae
492 2580 685 2663 aliorumque
703 2579 868 2645 eriminum
885 2579 1068 2668 urgebatur,
1087 2581 1153 2646 cnl-

125 2695 197 2757 pam
212 2674 335 2738 invidia
350 2673 516 2751 velavisse,
534 2673 651 2738 frustra
667 2675 833 2740 conterrita
848 2697 961 2754 uxore,
979 2698 1075 2759 quam
1093 2675 1152 2741 etsi

125 2779 300 2846 nocentem,
318 2768 449 2854 periculi
462 2777 567 2832 tamen
580 2779 740 2852 expertem
752 2769 861 2834 fuisse.
883 2769 1065 2835 Mamercus
1079 2770 1152 2834 dein

127 2858 265 2928 Scaurus
282 2885 409 2927 rursum
430 2861 619 2946 postulatur,
642 2863 775 2948 insignis
797 2862 959 2928 nobilitate
976 2872 1008 2926 et
1025 2863 1150 2927 orandis

125 2961 242 3037 causis,
260 2958 327 3023 vita
343 2957 528 3043 probrosus;
545 2956 623 3021 nihil
640 2957 724 3022 hunc
741 2958 878 3022 amicitia
896 2954 1014 3033 Seiani,
1033 2957 1090 3020 sed
1105 2957 1153 3020 la·

124 3049 240 3118 befecit
265 3053 352 3116 haud
377 3052 482 3117 minus
508 3051 648 3116 validum
670 3052 712 3115 ad
734 3050 830 3114 exitia
850 3049 1011 3114 Macronis
1034 3049 1151 3125 odium,

124 3149 176 3230 qui
193 3148 425 3213 easdem'artes
443 3147 596 3212 occultius
620 3144 801 3222 exercebat;
827 3143 1041 3225 detuleratque
1059 3165 1152 3229 argn-

125 3253 265 3307 mentum
283 3242 462 3328 tragoediae
480 3239 631 3307 aScauro
649 3240 793 3325 scriptae,
813 3237 927 3303 additis
940 3236 1083 3303 versibus
1097 3239 1152 3322 qui
1204 3251 1211 3265 ·

124 3333 156 3399 in
172 3336 338 3401 Tiberium
363 3336 575 3401 flecterentur:
601 3357 713 3399 vemm
734 3333 775 3399 ab
798 3331 933 3399 Servilio
955 3341 986 3398 et
1004 3330 1151 3398 Cornelio

124 3430 358 3496 accusatoribus
376 3429 563 3494 adulterium
579 3429 707 3506 Liviae,
726 3451 891 3516 magorum
909 3451 999 3494 sacra
1015 3427 1151 3496 obiecta-

124 3520 246 3588 bantur·
279 3521 433 3602 Scaurus,
460 3532 496 3588 ut
513 3524 644 3609 dignum
662 3523 820 3590 veteribus
837 3523 999 3602 Aemiliis,
1021 3523 1151 3588 Minna-

124 3616 239 3684 tionem
257 3620 369 3696 anteit,
391 3620 535 3684 hortante
554 3615 665 3684 Sextia
681 3641 793 3697 uxore,
816 3641 897 3705 quae
915 3619 1150 3684 incitamentum

123 3714 230 3778 mortis
248 3723 281 3778 et
297 3713 455 3798 particeps
473 3713 543 3778 fuit.

182 3807 236 3872 Ac
253 3817 362 3872 tamen
378 3816 587 3884 accusatores,
606 3831 634 3872 ει
623 3807 780 3872 facultas
794 3806 953 3882 incideret,
970 3803 1080 3888 poenis
1094 3803 1149 3866 ad·
1167 3803 1200 3852 36

122 3898 319 3978 liniebantur,
341 3911 378 3966 nt
397 3899 549 3967 Servilius
568 3900 798 3984 Corneliusque
819 3899 941 3986 perdito
960 3896 1080 3962 Scauro
1101 3868 1205 3959 fam)

122 3996 210 4074 mosi,
228 3997 306 4080 quia
322 3997 489 4080 pecuniam
503 4019 523 4060 a
531 3995 631 4062 Vario
641 3996 776 4104 Ligure
781 3991 972 4058 omittendae
985 3988 1148 4056 delationis

122 4101 284 4176 ceperant,
315 4091 350 4154 in
375 4091 495 4156 insulas
521 4089 720 4156 interdicto'
711 4088 779 4174 rgni
804 4094 898 4168 atque
923 4105 1008 4168 aqua
1032 4083 1149 4148 demoti

122 4195 201 4250 sunt
225 4195 258 4250 et
275 4184 427 4251 Abudius
444 4185 549 4263 Ruso,
572 4184 700 4249 functus
718 4180 889 4258 aedilitate,
916 4178 994 4244 dum
1009 4177 1147 4246 Lentulo
