3054 4962
276 433 282 442 ·
329 419 390 488 108
678 429 861 487 conunnu
875 425 1007 484 rnorrr

1244 529 1264 559 a.
1274 531 1296 559 u.
1307 522 1350 561 775.

193 663 204 684 ο
327 593 367 658 tis
385 590 576 667 nitebantur,
599 611 732 672 quorum
749 587 802 652 ille
818 586 993 664 Antiocho,
1016 585 1067 650 hic
1083 582 1266 652 Mithridate
1284 588 1354 672 pul-

327 686 371 752 sis
385 685 480 750 fidem
492 693 586 767 atque
600 683 746 746 virtutem
759 680 947 768 Magnetum
960 681 1156 758 decoravere,
1170 682 1216 746 uti
1228 680 1353 746 Dianae

326 779 576 865 Leucophrynae
589 776 769 863 perfugium
781 774 960 841 inviolabile
978 775 1068 840 foret.
1086 774 1354 860 Aphrodisienses

326 874 459 961 posthac
480 881 512 938 et
535 871 784 940 Stratonicenses
811 870 970 935 dictatoris
994 869 1140 935 Caesaris
1163 868 1203 935 ob
1230 879 1355 936 vetusta

325 971 360 1036 in
376 968 473 1054 partis
487 967 598 1034 merita
615 975 647 1030 et
663 987 772 1030 recens
790 963 856 1029 divi
868 963 1010 1050 Augusti
1027 965 1187 1028 decretum
1204 964 1353 1042 adtulcre,

326 1062 444 1128 laudati
466 1061 551 1144 quod
567 1059 756 1124 Parthorum
778 1058 988 1143 inruptionem
1008 1057 1086 1122 nihil
1107 1068 1227 1122 mutata
1247 1058 1282 1122 in
1298 1080 1355 1143 po-

327 1158 437 1242 pulum
462 1155 640 1220 Romanum
666 1152 842 1218 constantia
866 1152 1081 1238 pertulissent:
1113 1153 1170 1216 sed
1195 1151 1355 1236 Aphrodi-
1375 1159 1397 1196 ⁸

328 1252 478 1317 siensium
496 1249 605 1315 civitas
618 1248 763 1324 Veneris,
783 1245 1063 1312 Stratonicensium
1075 1246 1161 1312 lovis
1179 1256 1211 1311 et
1229 1246 1354 1311 Triviae

327 1344 510 1432 religionem
527 1341 703 1408 tuebantur.
730 1340 824 1407 altius
842 1341 1153 1406 Hierocaesarienses
1172 1363 1353 1427 exposuere,

327 1439 489 1504 Persicam
506 1437 590 1523 apud
609 1458 642 1500 se
655 1435 804 1512 Dianam,
822 1432 988 1499 delubrum
1005 1457 1079 1522 rege
1098 1434 1185 1520 Cyro
1202 1436 1353 1510 dicatum3

328 1541 359 1597 et
379 1517 632 1596 memorabanlur
651 1529 849 1615 Perpennae,
876 1529 1009 1595 Isaurici
1034 1531 1193 1614 multaque
1215 1530 1277 1595 alia
1296 1531 1354 1594 im·

327 1635 507 1711 paratorum
523 1624 663 1702 nomina,
682 1624 737 1707 qui
753 1646 817 1688 non
833 1623 928 1689 modo
946 1624 1063 1710 templo
1081 1625 1138 1689 sed
1155 1623 1279 1690 duobus
1296 1625 1355 1688 mi-

327 1719 411 1785 libus
425 1740 576 1805 passuum
590 1718 721 1783 eandem
736 1719 933 1784 sanctitatem
946 1717 1126 1783 tribuerant.
1146 1719 1230 1784 exim
1244 1717 1353 1804 Cyprii

118 1857 131 1870 ·
219 1882 222 1887 ,
328 1812 428 1878 tribus
455 1812 607 1890 delubris:
638 1834 772 1895 quorum
797 1811 1047 1876 vetustissimum
1070 1811 1211 1898 Paphiae
1237 1811 1354 1878 Veneri

328 1917 436 1972 auctor
452 1906 581 1984 Aerias,
604 1915 676 1992 post
698 1905 780 1970 lilius
803 1907 871 1971 eius
888 1905 1048 1972 Amathus
1065 1905 1182 1972 Veneri
1199 1905 1355 1971 Amathu-

328 2003 407 2080 siae,
427 2012 458 2067 et
475 2003 545 2068 Iovi
564 2000 737 2068 Salaminio
755 2001 888 2081 Teucer,
907 2001 1088 2068 Telamonis
1106 2002 1203 2088 patris
1220 2002 1267 2067 ira
1283 2025 1355 2088 pro-

327 2097 438 2182 fugus,
457 2097 646 2182 posuissent.

279 2211 310 2258 aa
391 2190 530 2256 Auditae
548 2191 679 2257 aliarum
692 2213 818 2276 quoque
831 2192 1003 2258 civitatium
1015 2192 1202 2280 legationes:
1222 2213 1353 2276 quorum

328 2287 419 2370 copia
439 2287 517 2352 fessi
538 2296 656 2372 patres,
680 2299 711 2352 et
732 2289 807 2371 quia
824 2289 935 2355 studiis
958 2289 1148 2367 certabatur,
1172 2287 1354 2354 consulibus

211 2375 221 2388 ”
327 2379 496 2465 permisere
518 2391 553 2444 ut
573 2391 737 2467 perspecto
758 2382 839 2460 iure,
862 2393 894 2446 et
916 2382 944 2447 si
966 2405 1029 2467 qua
1049 2383 1195 2467 iniquitas
1217 2381 1357 2446 involve-

328 2482 425 2550 retur,
444 2496 511 2538 rem
528 2475 682 2561 integram
698 2499 824 2541 rursum
841 2477 883 2541 ad
900 2487 1044 2542 senatum
1060 2476 1220 2542 referrent.
1243 2498 1357 2541 oonsu-

328 2568 374 2631 les
397 2589 492 2652 super
514 2591 567 2634 eas
589 2569 731 2635 civitates
753 2592 832 2653 quas
854 2571 1040 2648 memoravi,
1063 2571 1148 2657 apud
1165 2569 1357 2656 Pergamum

327 2662 512 2750 Aesculapii
530 2675 713 2750 conpertum
731 2665 855 2751 asylum
871 2665 1057 2731 retulerunt:
1076 2678 1195 2730 eeteros
1214 2664 1357 2730 obscuris

329 2757 370 2822 ob
383 2766 570 2826 vetustatem
585 2759 680 2825 initiis
698 2760 770 2836 niti;
788 2783 861 2824 nam
876 2759 1069 2845 Zmyrnaeos
1084 2760 1244 2826 oraculum
1256 2757 1359 2844 Apol-

329 2850 415 2928 linis,
447 2852 536 2918 cuius
566 2853 697 2939 imperio
725 2852 928 2919 Stratonicidi
953 2853 1072 2920 Veneri
1097 2854 1247 2938 templum
1272 2853 1360 2916 dica-

328 2945 443 3022 verint,
472 2945 589 3012 Tenios
608 2947 750 3012 eiusdem
772 2969 899 3012 carmen
915 2948 1046 3024 referre,
1074 2970 1137 3032 quo
1156 2969 1278 3012 sacrare
1295 2946 1360 3030 Ne-

329 3039 419 3124 ptuni
445 3039 584 3126 effigiem
610 3042 782 3124 aedemque
799 3041 878 3106 iussi
905 3041 981 3120 sint;
1007 3041 1154 3128 propiora
1172 3039 1358 3106 Sardianos:

328 3131 504 3198 Alexandri
516 3135 642 3200 victoris
660 3135 693 3200 id
711 3135 843 3213 donum;
861 3156 963 3219 neque
976 3136 1079 3200 minus
1093 3135 1237 3200 Milesios
1250 3134 1359 3199 Dareo

329 3249 403 3313 rege
421 3229 487 3305 niti,
506 3230 566 3296 sed
576 3229 678 3294 cultus
695 3230 859 3296 numinum
877 3231 1017 3314 utrisque
1031 3230 1170 3296 Dianam
1187 3239 1240 3295 aut
1257 3228 1361 3314 Apol·
1466 3287 1471 3301 ,
1501 3257 1502 3277 r

329 3319 424 3384 linem
447 3324 629 3397 venerandi:
653 3333 762 3408 petere
782 3334 814 3390 et
832 3324 1000 3390 Cretenses
1023 3325 1189 3390 sinrulacro
1207 3325 1272 3389 divi
1288 3323 1361 3388 Au-

330 3412 428 3498 gusti:
451 3413 597 3498 lactaque
619 3427 747 3482 senatus
766 3417 922 3496 consulta,
945 3419 1016 3503 quis
1034 3419 1134 3485 mrrlto
1152 3441 1224 3484 cum
1240 3418 1361 3482 honore

331 3504 443 3570 modus
470 3515 575 3574 tamen
599 3509 884 3595 praescribebatur,
910 3512 1050 3596 iussique
1076 3513 1154 3597 ipsis
1180 3512 1213 3576 in
1234 3510 1362 3595 templis

331 3599 428 3686 figere
447 3624 529 3679 aera,
548 3603 731 3668 sacrandam
749 3605 790 3668 ad
807 3607 988 3672 memoriam
1001 3629 1064 3672 neu
1083 3606 1187 3692 specie
1199 3603 1362 3691 religionis

331 3694 364 3760 in
381 3696 583 3762 ambitionem
601 3697 833 3764 delaberentur.·

282 3809 314 3856 st
398 3787 467 3858 Sub
489 3792 572 3856 idem
595 3801 719 3878 tempus
736 3791 838 3858 Iuliae
855 3793 1022 3881 Augustae
1039 3795 1180 3861 valitudo
1199 3804 1287 3860 atrox
1304 3815 1364 3858 ne-

331 3885 552 3950 cessitudinem
569 3887 702 3974 principi
718 3887 794 3953 fecit
811 3886 949 3954 festinati
966 3890 998 3953 in
1015 3890 1127 3956 urbem
1143 3889 1275 3965 reditus,
1294 3887 1364 3951 sin-

332 4001 403 4044 cera
420 3979 523 4044 adhuc
539 3980 620 4046 inter
636 3993 768 4048 matrem
781 3983 941 4067 filiumque
959 3985 1126 4050 concordia
1144 3984 1209 4049 sive
1228 3980 1363 4047 occultis

331 4073 420 4137 odiis.
448 4096 549 4158 neque
572 4077 654 4140 enirn
676 4077 774 4144 multo
796 4088 882 4155 ante,
905 4101 977 4143 cum
999 4079 1085 4144 haud
1107 4077 1215 4164 procul
1237 4077 1365 4142 theatro

329 4165 474 4234 Marcelli
488 4169 626 4254 effigiem
639 4171 712 4238 divo
720 4172 868 4258 Augusto
878 4172 1095 4252 luliadicaret',
1111 4171 1230 4238 Tiberii
1242 4191 1366 4235 nomen
