2958 4960
413 468 621 527 mannum
638 467 886 538 amasa-sa
1117 457 1157 520 21

120 565 249 698 loilei:
271 629 360 696 tarde
378 627 644 712 obtemperavere.
671 635 746 690 tunc
763 649 783 690 a
803 625 1002 690 veneratione
1019 623 1160 712 Augusti

120 749 219 792 orsus
237 725 324 790 flexit
347 724 387 788 ad
405 721 553 786 victorias
575 719 812 804 triumphosque
829 719 962 796 Tiberii,
983 719 1159 804 praecipuis

120 820 273 886 laudibus
287 818 451 884 celebrans
465 837 546 900 quae
558 815 644 900 apud
657 813 845 883 Germanias
862 814 924 878 illis
941 836 1014 878 cum
1029 815 1160 900 legioni-

121 914 183 981 bus
202 912 416 1000 pulcherrima
432 910 570 976 fecisset.
596 909 708 973 ltaliae
723 909 798 972 inde
815 930 1018 985 consensum,
1041 906 1160 974 Gallia·

121 1031 194 1072 rum
217 1008 315 1072 fidem
333 1004 468 1084 extollit3
491 1004 536 1069 nil
551 1025 688 1086 usquam
704 1002 864 1067 turbidum
886 1012 940 1066 aut
962 1002 1091 1066 discors.
1119 1003 1161 1066 si-

121 1105 221 1170 lentio
234 1103 316 1167 haec
328 1099 381 1166 vel
393 1121 552 1165 murmure
565 1099 689 1163 modico
702 1098 810 1162 audita
822 1108 909 1162 snut:
927 1106 963 1161 ut
976 1097 1160 1162 seditionem
1177 1118 1210 1166 aa

123 1198 237 1285 attigit,
257 1195 314 1261 ubi
326 1194 482 1260 modestia
493 1192 645 1270 militaris,
658 1191 715 1256 ubi
728 1192 842 1257 veteris
855 1191 1039 1277 disciplinae
1051 1191 1158 1268 decus,

123 1313 265 1374 quonam
291 1289 448 1364 tribunos,
479 1309 543 1371 quo
570 1287 766 1351 centuriones
797 1286 978 1372 exegissent
1007 1285 1157 1370 rogitans,

124 1385 244 1449 nudant
257 1383 399 1448 universi
412 1404 551 1467 corpora,
566 1381 726 1445 cicatrices
735 1403 776 1445 ex
789 1379 979 1457 vulneribus,
993 1379 1157 1444 verberum

125 1490 214 1545 notas
232 1476 440 1567 exprobrant3
462 1498 538 1541 mox
554 1475 730 1540 indiscretis
748 1475 878 1540 vocibus
900 1475 1001 1561 pretia
1021 1474 1158 1540 vacatio-

125 1595 208 1650 num,
228 1571 395 1658 angustias
409 1571 566 1656 stipendii,
584 1571 731 1634 duritiam
749 1593 879 1656 operum
896 1594 935 1636 ac
951 1571 1084 1657 propriis
1101 1593 1158 1637 no-

125 1667 262 1732 minibus
281 1667 427 1730 incusant
443 1665 576 1742 vallum,
593 1665 715 1742 fossas,
732 1663 853 1750 pabuli,
875 1664 1038 1742 materiae,
1055 1665 1157 1751 ligno-

124 1783 192 1826 rum
210 1762 378 1846 adgestus,
402 1769 434 1824 et
451 1759 480 1824 si
500 1780 564 1843 qua
580 1759 643 1824 alia
664 1781 704 1824 ex
720 1761 907 1825 necessitate
929 1769 983 1825 aut
1004 1760 1155 1824 adversus

125 1855 221 1920 otium
236 1863 413 1920 castrorum
426 1864 626 1937 quaeruntur.
645 1855 858 1920 atrocissimus
868 1863 1085 1920 veteranorum
1094 1855 1157 1919 ela-

125 1973 191 2015 mor
208 1949 379 2026 oriebatur,
397 1948 454 2031 qui
466 1948 583 2014 tricena
601 1957 656 2012 aut
669 1971 765 2034 supra
778 1948 933 2032 stipendia
944 1955 1155 2025 numerantes,

126 2045 303 2109 mederetur
314 2043 420 2119 fessis,
434 2065 497 2108 neu
509 2053 642 2108 mortem
654 2043 688 2106 in
696 2043 797 2108 isdem
806 2041 977 2118 laboribus,
992 2042 1049 2106 sed
1061 2043 1155 2106 finem

126 2148 187 2203 tam
196 2137 354 2204 exercitae
363 2137 492 2202 militiae
505 2159 607 2221 neque
616 2137 743 2223 inopem
755 2137 896 2220 requiem
909 2135 1049 2201 orabant
1066 2135 1156 2200 fuere

126 2233 217 2297 etiam
235 2232 292 2316 qui
309 2230 447 2318 legatam
465 2255 485 2296 a
500 2232 574 2297 divo
592 2232 742 2318 Augusto
763 2232 930 2317 pecuniam
946 2241 1154 2316 reposcerent,

126 2327 236 2392 faustis
259 2327 295 2390 in
317 2323 541 2391 Germanicum
563 2327 735 2404 ominibus3
763 2335 794 2391 et
816 2326 843 2392 si
864 2326 959 2391 vellet
979 2326 1153 2412 imperium,

126 2432 287 2506 promptos
306 2429 512 2488 ostentavere.
536 2430 603 2484 tum
619 2443 705 2499 vero,
725 2421 816 2504 quasi
830 2421 946 2486 scelere
964 2421 1155 2486 contamina-

125 2526 219 2593 retur,
253 2536 404 2600 praeceps
442 2513 588 2579 tribunali
619 2515 758 2595 desiluit;
789 2525 1001 2601 opposuerant
1026 2514 1154 2580 abeunti

126 2631 218 2686 arma,
238 2609 429 2687 minitantes,
447 2609 481 2672 ni
493 2609 723 2695 regrederetur:
742 2619 775 2674 at
785 2609 839 2673 ille
851 2610 1035 2674 moriturum
1047 2610 1153 2695 potius

126 2711 218 2786 quam
231 2703 328 2768 fidem
342 2715 470 2770 exueret
487 2705 650 2770 clamitans
664 2703 783 2770 ferrum
800 2730 820 2771 a
836 2706 933 2772 latere
947 2707 1073 2792 diripuit
1091 2706 1154 2772 ela-

126 2809 253 2882 tumque
271 2798 433 2864 deserebat
449 2800 483 2864 in
499 2809 624 2885 pectus,
646 2800 680 2864 ni
696 2800 830 2886 proximi
847 2823 994 2886 prensam
1011 2801 1153 2864 dextram

126 2894 155 2956 vi
175 2893 386 2958 attinuissent.
414 2903 555 2958 extrema
576 2903 608 2959 et
625 2894 813 2980 conglobata
833 2895 966 2960 interae
987 2917 1060 2980 pars
1079 2915 1153 2958 eon-

126 2987 214 3050 tionis
234 3008 287 3063 ac,
310 2987 365 3050 vix
383 2987 529 3053 credibile
552 2988 652 3066 dictu,
675 2989 803 3072 quidam
821 2987 938 3073 singuli
959 2987 1088 3072 propius
1106 2988 1154 3050 in-

126 3081 271 3146 cedentes
294 3081 401 3146 feriret
421 3082 639 3162 hortabantur3
662 3093 694 3149 et
715 3082 805 3147 miles
826 3082 952 3146 nomine
971 3079 1152 3146 Calusidius

127 3176 266 3240 strictum
284 3176 397 3241 obtulit
419 3178 573 3264 gladium,
596 3179 703 3244 addito
726 3177 896 3243 acutiorem
914 3198 999 3241 esse:
1023 3197 1151 3240 saevum

126 3269 156 3333 id
171 3269 310 3353 malique
328 3272 422 3338 moris
441 3273 535 3337 etiam
553 3273 729 3338 furentibus
747 3273 864 3350 nsum,
884 3293 922 3337 aa
940 3270 1075 3356 spatium
1093 3269 1152 3335 fuit

126 3385 184 3447 quo
204 3363 326 3430 Caesar
343 3366 383 3431 ab
402 3367 510 3433 amicis
528 3368 561 3432 in
579 3367 814 3434 tabernaculum
831 3376 1001 3453 raperetur.

186 3457 412 3526 Consultatum
424 3462 469 3527 ibi
482 3463 521 3529 de
534 3463 673 3528 remedio
678 3487 687 3540 ;
706 3463 821 3527 etenim
834 3462 1036 3528 nuntiabatur
1048 3460 1151 3548 parari
1170 3481 1202 3529 36

124 3553 253 3641 legatos,
273 3557 327 3638 qui
345 3558 539 3642 superiorem
552 3559 723 3622 exercitum
741 3559 781 3623 ad
799 3579 926 3624 eausam
940 3559 1071 3624 eandem
1089 3567 1151 3622 tra-

125 3647 245 3727 herent3
265 3649 456 3716 destinatum
470 3652 591 3717 excidio
605 3651 760 3717 Ubiorum
774 3653 933 3739 oppidum,
952 3652 1151 3737 imbutasque

125 3743 239 3825 praeda
261 3766 374 3809 manus
392 3745 426 3808 in
443 3746 647 3831 direptionem
666 3743 841 3812 Galliarum
858 3756 1037 3832 erupturam
1056 3768 1151 3832 auge-

127 3835 176 3900 bat
199 3847 320 3902 metum
341 3839 639 3926 gnarus'Romanae
662 3841 821 3906 seditionis
840 3850 884 3918 et,
909 3841 936 3906 si
958 3840 1151 3905 omitteretur

126 3931 202 4016 ripa,
219 3931 390 3999 invasurus
407 3935 522 4014 hostis3
540 3945 572 4001 at
590 3937 617 4000 si
634 3925 750 4000 auxilia
767 3945 799 4001 et
817 3935 893 4000 socii
911 3934 1077 4002 adversum
1096 3933 1150 4000 ab·

127 4027 279 4092 acedentis
296 4027 437 4115 legiones
460 4041 667 4108 armarentur,
691 4030 781 4094 civile
802 4029 920 4097 bellum
942 4028 1073 4114 suseipi3
1095 4052 1150 4116 pe-

126 4121 263 4200 riculosa¹
276 4122 441 4201 severitas,
464 4125 619 4211 flagitiosa
635 4125 773 4210 largitio:
797 4147 853 4189 seu
870 4123 948 4188 nihil
969 4123 1060 4188 militi
1082 4125 1149 4190 sive

127 4217 225 4284 omnia
239 4217 460 4297 concedentur,
478 4219 511 4284 in
524 4219 651 4305 ancipiti
663 4241 714 4284 res
732 4218 866 4304 publiea.
889 4219 984 4305 igitur
1002 4219 1147 4285 volutatis
