3042 4956
412 436 620 495 ANNALIUM
638 437 713 493 LIB.
728 437 781 492 XI.
799 437 918 492 att-37.
1112 426 1173 492 197

147 529 260 582 sonsa

146 598 297 664 iudicium
310 595 503 671 offerentem,
517 594 659 660 Vettium
668 593 835 660 Valentem
847 593 1029 660 consessum
1042 605 1072 660 et
1080 595 1176 662 Pom-

147 693 250 777 peium
265 689 425 754 Urbicum
443 710 480 754 ac
495 686 660 754 Saufeium
674 688 816 775 Trogum
834 711 874 753 ex
891 687 1025 754 consciis
1042 691 1123 754 tradi
1136 692 1176 756 ad

148 784 341 871 supplicium
358 783 459 861 iubet3
481 782 616 848 Decrius
634 804 758 866 quoque
783 782 1028 868 Calpurnianus,
1046 783 1176 870 vigilum

146 881 341 966 praefectus,
362 877 521 964 Sulpicius
539 878 653 956 Rufus,
671 878 738 942 ludi
754 886 945 963 procurator,
963 877 1080 942 Iuncus
1098 877 1178 942 Ver-

146 975 283 1060 gilianus
304 983 429 1038 senator
447 973 556 1038 eadem
572 994 675 1057 poena
692 972 806 1036 affecti.

210 1067 311 1133 Solus
325 1067 468 1131 Mnester
481 1067 710 1132 cunctationem
723 1067 834 1143 attulit,
854 1065 1002 1131 dilaniata
1014 1075 1102 1131 veste
1116 1067 1178 1132 cla-
1196 1087 1228 1134 ee

146 1162 276 1227 mitans:
297 1162 450 1246 aspiceret
463 1160 628 1226 verberum
640 1169 740 1237 notas,
754 1159 1004 1225 reminisceretur
1016 1160 1102 1225 vocis
1115 1182 1179 1244 qua

147 1280 180 1322 se
193 1255 370 1321 obnoxium
382 1255 477 1320 iussis
491 1254 683 1320 Messalinae
697 1254 849 1331 dedisset:
864 1254 932 1319 aliia
947 1254 1110 1340 largitione
1124 1264 1179 1319 aut

147 1351 215 1437 spei
228 1350 456 1436 magnitudine,
475 1349 536 1414 sibi
553 1372 593 1414 ex
606 1349 791 1414 necessitate
804 1349 943 1434 culpam:
960 1371 1019 1414 nec
1033 1350 1178 1432 cuiquam

146 1455 219 1510 ante
236 1445 433 1530 pereundum
447 1445 555 1521 fuisse,
575 1444 603 1509 si
617 1442 715 1509 Silius
728 1465 832 1509 rerum
849 1452 1017 1528 poteretur.
1041 1465 1178 1508 commo-

147 1539 283 1604 tumbis
301 1548 481 1623 etpronum
499 1540 541 1603 ad
562 1538 805 1604 misericordiam
824 1536 993 1602 Caesarem
1015 1537 1178 1623 perpulere

147 1635 264 1712 liberti,
284 1657 324 1698 ne
342 1643 389 1698 tot
404 1634 576 1700 illustribus
594 1633 669 1698 viris
687 1633 857 1699 intersectis
875 1633 1017 1698 histrioni
1035 1631 1178 1697 consule-

147 1740 245 1794 retur:
265 1738 376 1814 sponte
394 1753 434 1793 an
451 1737 578 1794 coactus
596 1737 660 1793 tam
678 1751 793 1814 magna
809 1729 1016 1813 peccavisset,
1036 1727 1112 1792 nihil
1129 1749 1178 1792 re-

148 1825 238 1888 ferre.
262 1847 304 1888 ne
322 1823 430 1888 Trauli
447 1825 574 1907 quidem
592 1822 752 1900 Montani,
771 1824 883 1906 equitis
901 1823 1050 1899 Romani,
1070 1821 1179 1886 defen·
1272 1896 1274 1901 Ι
1353 1833 1357 1842 ’

150 1920 195 1984 sio
216 1927 346 2002 recepta
367 1926 428 1996 est3
451 1919 479 1982 is
501 1919 644 1984 modesta
661 1918 802 1995 iuventa,
826 1917 882 1982 sed
905 1939 1033 2002 corpore
1050 1915 1176 1999 insigni,

149 2013 268 2078 accitus
286 2012 367 2077 ultro
379 2022 564 2096 noctemque
582 2013 663 2076 intra
679 2035 775 2076 unam
793 2010 999 2076 aMessalina
1016 2007 1179 2094 proturba-

150 2124 198 2172 tus
217 2115 285 2172 erat
301 2106 429 2191 paribus
447 2107 584 2172 lasciviis
603 2108 643 2172 ad
662 2106 840 2192 cupidinem
858 2114 889 2169 et
906 2104 1042 2172 fastidia.
1067 2100 1179 2167 Suillio

150 2200 330 2267 Caesonino
353 2210 384 2265 et
404 2201 530 2266 Plautio
551 2202 712 2266 Laterano
733 2223 818 2266 mors
840 2198 1020 2264 remittitur:
1042 2196 1116 2260 huic
1138 2194 1178 2260 ob

59 2289 63 2296 ’
149 2294 252 2380 patrui
270 2294 431 2381 egregium
444 2294 604 2374 meritum:
624 2294 822 2360 Caesoninus
840 2294 924 2360 vitiis
942 2300 1101 2378 protectus
1120 2299 1177 2366 est,

149 2402 310 2475 tamquam
327 2391 361 2454 in
376 2391 429 2456 illo
446 2390 629 2456 foedissimo
648 2400 739 2456 coetu
756 2413 870 2476 passus
889 2387 1061 2453 muliebria.

211 2485 345 2550 Interim
353 2483 526 2550 Messalina
537 2483 735 2554 Lucullianis
749 2485 782 2548 in
795 2484 893 2550 hortis
906 2483 1061 2569 prolatare
1070 2480 1177 2556 vitam,
1197 2495 1228 2542 37

150 2602 338 2665 componere
355 2602 477 2665 preces,
501 2579 650 2644 nonnulla
668 2603 724 2666 spe
742 2589 774 2644 et
791 2579 958 2664 aliquando
975 2579 1035 2642 ira:
1058 2584 1179 2641 tantum

150 2675 231 2739 inter
252 2683 392 2739 extrema
410 2673 574 2759 superbiae
596 2673 736 2760 gerebat:
759 2696 796 2739 ac
813 2675 847 2738 ni
864 2674 992 2738 caedem
1014 2672 1081 2736 eius
1099 2670 1179 2736 Nar-

151 2771 253 2834 cissus
263 2770 501 2854 properavisset,
516 2779 650 2834 verterat
658 2771 811 2855 pernicies
821 2771 853 2834 in
863 2779 1086 2834 accusatorem.
1104 2790 1178 2830 nam

152 2863 306 2928 Claudius
320 2864 448 2929 domum
462 2887 625 2950 regressus
639 2875 670 2928 et
683 2865 877 2950 tempestivis
896 2864 996 2948 epulis
1014 2861 1177 2936 delenitus,

151 2958 206 3024 ubi
220 2958 295 3022 vino
308 2959 445 3035 incaluit,
459 2959 497 3022 iri
510 2958 597 3024 iubet
610 2959 808 3041 nuntiarique
821 2957 954 3020 miserae
967 2993 1009 3003 —-·
1022 2955 1083 3018 hoc
1097 2955 1180 3016 enim

151 3052 249 3118 verbo
271 3075 365 3117 usum
386 3052 491 3117 lerunt
514 3092 556 3100 -
578 3054 744 3118 dicendam
765 3052 806 3116 ad
828 3073 957 3115 causam
982 3057 1108 3134 postera
1129 3047 1180 3109 die

152 3148 292 3225 adesset3
310 3147 395 3230 quod
406 3147 462 3211 ubi
474 3147 625 3226 auditum,
640 3157 671 3212 et
683 3147 887 3232 languescere
900 3143 955 3220 ira,
968 3141 1069 3206 redire
1083 3162 1179 3215 amor,

152 3241 236 3306 acsi
258 3250 490 3319 cunctarentur,
513 3242 688 3327 propinqua
708 3263 773 3305 nox
791 3247 825 3308 et,
839 3237 940 3302 uxorii
963 3233 1098 3301 cubiculi
1115 3255 1181 3298 me-

152 3335 252 3400 moria
270 3334 471 3413 timebantur,
492 3337 667 3421 prorumpit
683 3333 850 3400 Narcissus
868 3331 1091 3414 denuntiatque
1110 3351 1182 3394 cen-

153 3428 328 3494 turionibus
346 3439 378 3494 et
394 3428 532 3507 tribuno,
551 3430 606 3513 qui
623 3430 744 3507 aderat,
767 3428 880 3513 exequi
898 3427 1039 3492 caedem:
1063 3425 1107 3489 ita
1124 3424 1182 3487 im·
1237 3453 1239 3458 ·

153 3533 329 3608 peratorem
346 3523 463 3589 iubere.
487 3533 594 3588 custos
612 3533 643 3588 et
661 3533 786 3589 exactor
804 3547 821 3588 e
838 3523 957 3590 libertis
975 3521 1108 3587 Euodus
1127 3520 1182 3582 da-

153 3629 203 3683 tur
208 3643 217 3696 ;
231 3619 322 3702 isque
330 3617 443 3703 raptim
452 3619 485 3682 in
493 3620 600 3683 hortos
608 3641 813 3705 praegressus
827 3618 962 3704 repperit
970 3617 1075 3682 fusam
1082 3613 1180 3690 humi,

154 3713 312 3778 assidente
329 3722 428 3777 matre
445 3712 585 3798 Lepida,
608 3735 689 3796 quac
705 3713 827 3778 florenti
847 3714 930 3778 filiae
948 3712 1034 3776 haud
1051 3730 1181 3774 concors

155 3806 310 3892 supremis
333 3806 401 3871 eius
423 3806 662 3872 necessitatibus
685 3807 726 3872 ad
746 3807 977 3873 miserationem
999 3803 1100 3868 evicta
1117 3810 1183 3864 erat

155 3902 370 3986 suadebatque
382 3925 426 3967 ne
444 3924 661 3989 percussorem
678 3901 885 3987 opperiretur:
908 3898 1058 3962 transisse
1075 3895 1182 3972 utam,

155 4019 257 4080 neque
270 3997 356 4061 aliud
370 4019 465 4081 quam
479 3997 572 4062 morti
584 3997 681 4062 decus
695 3993 917 4078 quaerendum.
941 3990 997 4056 sed
1011 3989 1115 4054 animo
1127 4011 1184 4074 per

154 4090 301 4158 libidines
328 4102 472 4177 corrupto
495 4091 572 4156 nihil
593 4090 760 4155 honestum
782 4087 895 4163 inerat,
921 4084 1128 4168 lacrimaeque
1152 4094 1183 4150 et

155 4195 285 4270 questus
303 4185 381 4250 irriti
402 4186 609 4264 ducebantur,
633 4207 704 4250 cum
726 4184 846 4268 impetu
867 4179 1056 4246 venientium
1074 4179 1183 4266 pulsae
