3020 4958
327 483 391 552 264
675 487 858 546 uoaunnn
871 486 1003 544 raom

1243 591 1263 620 ι.
1273 591 1294 621 u.
1305 583 1360 622 813.

325 661 462 720 ceterum
489 647 620 714 abolitos
646 645 796 732 paulatim
817 645 934 732 patrios
957 659 1059 710 mores
1086 644 1229 712 funditus
1256 651 1361 714 everti

324 769 382 834 per
398 744 531 812 accitam
547 740 722 817 lasciviam,
745 749 780 804 ut
797 739 882 824 quod
903 761 1037 823 usquam
1060 742 1217 827 corrumpi
1236 752 1268 808 et
1285 765 1361 808 eor-

324 859 468 926 rumpere
486 844 593 922 queat,
616 834 649 900 in
670 832 747 899 urbe
769 833 888 899 visatur
910 834 1139 920 degeneretque
1163 835 1274 901 studiis
1299 859 1360 902 ex-

325 933 421 1000 ternis
443 931 587 996 iuventus
610 928 775 1016 gymnasia
796 937 828 992 et
849 927 914 992 otia
935 938 966 992 et
987 937 1094 1012 turpes
1117 951 1239 995 amores
1263 952 1358 996 exer-

326 1027 434 1105 cende,
453 1025 592 1112 principe
610 1032 641 1088 et
658 1030 768 1088 senatu
782 1021 970 1098 auctoribus,
989 1023 1044 1106 qui
1061 1045 1125 1087 non
1142 1024 1237 1088 modo
1253 1025 1357 1090 licen·

325 1121 401 1186 tiam
423 1117 505 1185 vitiis
532 1114 740 1204 permiserint,
769 1115 824 1182 sed
846 1115 910 1180 vim
936 1115 1118 1193 adhibeant,
1147 1129 1181 1181 ut
1205 1139 1356 1202 proceres

324 1212 460 1280 Romani
483 1211 586 1298 specie
608 1208 781 1275 orationum
804 1218 835 1274 et
857 1209 1028 1274 carminum
1048 1230 1141 1274 scena
1162 1212 1355 1296 polluentur.

325 1307 401 1392 quid
419 1326 596 1392 superesse,
619 1303 679 1368 nisi
698 1313 732 1368 ut
749 1323 879 1388 corpora
896 1324 1021 1387 quoque
1043 1303 1160 1368 nudent
1177 1314 1209 1369 et
1226 1315 1356 1372 caestus

325 1403 491 1468 adsumant
508 1420 623 1484 easque
641 1420 763 1484 pugnas
781 1419 837 1483 pro
854 1397 965 1462 militia
983 1407 1015 1461 et
1031 1397 1125 1462 armis
1143 1399 1356 1464 meditentur?

324 1517 365 1560 an
391 1493 538 1560 iustitiam
564 1491 669 1578 augeri
690 1501 722 1555 et
747 1490 889 1557 decurias
915 1491 1055 1574 equitum
1081 1492 1244 1578 egregium
1270 1493 1356 1557 iudi-

324 1588 415 1652 candi
437 1607 551 1652 munus
574 1585 766 1670 expleturos,
795 1584 822 1650 si
844 1583 960 1652 fractos
983 1607 1076 1650 sonos
1099 1595 1130 1650 et
1152 1586 1356 1653 dulcedinem

324 1701 436 1746 vocum
453 1679 551 1766 perite
569 1678 749 1744 audissent?
770 1687 879 1744 noctes
898 1699 1021 1764 quoque
1039 1679 1184 1744 dedecori
1201 1681 1354 1760 adiectas,

322 1797 362 1840 ne
384 1774 469 1860 quod
492 1783 615 1860 tempus
638 1773 750 1859 pudori
767 1771 972 1857 relinquatur,
997 1773 1053 1838 sed
1074 1783 1165 1839 coetu
1182 1775 1354 1860 promisco,

324 1869 408 1954 quod
418 1867 644 1956 perditissimus
659 1867 792 1952 quisque
807 1889 864 1952 per
872 1867 955 1932 diem
965 1867 1184 1953 concupiverit,
1199 1889 1257 1954 per
1265 1877 1357 1936 tene-

324 1963 397 2031 bras
416 1963 539 2028 audeat.

274 2082 305 2132 21
389 2057 537 2123 Pluribus
554 2056 624 2143 ipsa
644 2055 769 2122 licentia
785 2055 941 2143 placebat,
965 2077 1002 2121 uc
1020 2066 1124 2121 tamen
1145 2056 1277 2124 honesta
1296 2081 1357 2124 no-

325 2153 409 2219 mina
422 2143 679 2240 praetendebant:
698 2149 830 2216 maiores
844 2171 968 2234 quoque
982 2171 1046 2216 non
1063 2149 1260 2216 abhorruisse
1279 2174 1356 2238 spe-

325 2246 515 2313 ctaculorum
529 2245 763 2311 oblectamentis
777 2265 833 2329 pro
846 2242 971 2308 fortuna
984 2265 1065 2327 quae
1078 2252 1145 2309 tum
1159 2254 1233 2322 erat,
1249 2267 1354 2330 eoque

324 2339 471 2407 aTuscis
489 2339 605 2406 accitos
623 2337 798 2416 histriones,
818 2362 838 2404 a
854 2337 981 2402 Thuriis
1000 2359 1151 2422 equorum
1169 2337 1354 2416 cemmnina,

324 2445 354 2500 et
380 2455 529 2521 possessa
553 2431 678 2498 Achaia
702 2431 844 2517 Asiaque
869 2431 960 2497 ludos
987 2431 1123 2498 curatius
1151 2432 1264 2512 editos,
1292 2455 1354 2498 nec

323 2547 512 2610 quemquam
530 2525 651 2591 Romae
668 2525 800 2592 honesto
817 2526 886 2592 loeo
905 2537 1006 2592 ortum
1024 2527 1064 2592 ad
1082 2526 1247 2592 theatrales
1266 2537 1354 2594 artes

322 2617 572 2706 degeneravisse,
592 2619 734 2684 ducentis
747 2619 811 2684 iam
824 2620 914 2686 annis
933 2644 952 2686 a
964 2621 1006 2685 L.
1020 2619 1168 2686 Mummii
1181 2620 1352 2706 triumpho,

322 2713 376 2799 qui
392 2712 511 2800 primus
529 2712 562 2778 id
578 2734 679 2800 genus
699 2714 869 2800 spectaculi
886 2715 917 2778 in
936 2712 1013 2780 urbe
1029 2713 1217 2801 praebuerit.
1244 2715 1302 2780 sed
1320 2725 1353 2780 et

322 2807 498 2874 eonardtum
520 2806 742 2894 parsimoniae,
770 2809 855 2894 quod
876 2815 1027 2895 perpetua
1049 2808 1139 2874 sedes
1162 2808 1281 2874 theatro
1304 2809 1353 2874 lo-

323 2911 393 2969 cuta
409 2901 451 2968 sit
467 2901 571 2990 potius
590 2923 684 2988 quam
701 2902 855 2969 immenso
874 2912 1000 2989 sumptu
1018 2902 1159 2990 singulos
1176 2922 1352 2989 perannos

323 3007 524 3086 consurgeret
541 3019 578 3064 ae
596 2999 815 3076 ‹tesuueretur3
838 3019 896 3062 neo
913 2996 1041 3084 perinde
1063 2995 1264 3083 magistratus
1281 3017 1352 3061 rem

322 3090 508 3160 familiarem
521 3091 727 3159 exhausturos
741 3101 796 3157 aut
807 3091 925 3178 populo
938 3090 1132 3178 efflagitandi
1146 3087 1270 3157 Graeca
1282 3112 1352 3156 cer-

323 3187 442 3253 tamina
458 3209 478 3253 u
495 3185 729 3274 magistratibus
752 3209 879 3253 oausam
898 3185 978 3264 fore,
1002 3207 1074 3250 cum
1092 3207 1130 3251 eo
1152 3193 1281 3270 sumptu
1297 3205 1350 3250 res

322 3277 449 3366 publiea
466 3277 623 3366 angatur.
651 3289 807 3348 oratorum
825 3301 862 3345 ac
879 3289 987 3344 ratum
1004 3278 1149 3344 victorias
1166 3277 1356 3344 incitamen-

323 3381 390 3436 tum
415 3369 550 3456 ingeniis
576 3371 738 3452 allaturas,
765 3395 824 3438 nec
850 3374 996 3458 cuiquam
1021 3371 1117 3452 iudici
1138 3393 1234 3459 grave
1256 3393 1351 3438 aures

322 3459 433 3529 studiis
451 3461 590 3528 lionostis
608 3473 640 3528 ut
656 3463 868 3550 uoluptatibus
892 3466 1049 3534 concessis
1066 3466 1233 3552 impertire.
1260 3464 1352 3530 laeti-

321 3553 383 3622 tiae
401 3553 502 3642 aragia
525 3574 619 3640 quam
636 3553 784 3622 lasciviae
807 3559 873 3624 dari
891 3583 1009 3646 paucas
1032 3559 1126 3625 totius
1144 3558 1351 3644 quinquennii

322 3656 445 3732 auctus,
468 3645 583 3736 quibus
606 3657 693 3716 tauta
708 3649 779 3716 luce
800 3651 920 3740 ignium
941 3655 1020 3720 nihil
1036 3653 1177 3720 illicitum
1199 3651 1351 3718 occultari

322 3751 425 3834 apricat.
453 3765 528 3812 saue
545 3742 631 3812 nullo
648 3743 764 3834 insigni
785 3745 1063 3814 dehonestamento
1080 3748 1113 3814 id
1135 3745 1351 3834 spectaculum

322 3839 443 3908 tandit
461 3861 499 3908 ao
516 3860 556 3908 ue
573 3837 696 3907 uiudica
713 3839 839 3926 quidem
858 3841 962 3908 studia
977 3840 1079 3929 plebis
1097 3861 1255 3920 exarsere,
1274 3840 1351 3924 quia

321 3933 434 4002 iatum
455 3955 646 4024 quamquam
668 3956 780 4002 scenae
800 3935 985 4024 pantomimi
1006 3933 1227 4003 certaminibus
1250 3934 1350 4000 sacris

321 4026 575 4117 pustulati-narr.
602 4027 798 4116 eloquentiae
819 4029 936 4118 primam
958 4052 1051 4096 nemo
1069 4029 1152 4106 tulit,
1176 4025 1233 4094 sed
1249 4027 1350 4094 victo·

320 4141 386 4189 iaia
400 4142 470 4188 asso
484 4121 653 4192 (betarum
665 4124 907 4212 pronuntiatum.
930 4124 1035 4212 graeei
1048 4124 1190 4202 amictus,
1208 4123 1279 4208 quis
1291 4143 1351 4209 per

321 4231 375 4278 otu
393 4213 460 4280 illes
477 4215 618 4304 plerique
635 4217 840 4300 incesserant,
859 4229 925 4286 tum
943 4218 1152 4286 exulaverant.
