3020 4958
326 424 390 490 332

325 573 389 629 tur?
407 573 476 646 quid
486 571 708 626 communicatos
717 577 862 640 postremo
873 587 937 624 cum
944 569 1031 639 plebe
1040 570 1164 626 honores
1173 588 1233 626 non
1241 573 1362 643 imperii

325 653 417 706 solnm
430 650 482 704 sed
495 647 718 704 sacerdotiorum
732 647 865 718 quoquc?
882 648 939 701 iam
953 646 978 700 si
992 651 1105 701 narreris
1113 649 1199 718 bella,
1214 666 1234 703 a
1246 650 1360 721 quibus

326 727 473 798 coeperint
486 725 607 780 maiores
620 724 721 792 nostai,
739 731 768 779 et
782 741 839 796 quo
853 724 1085 794 processerimus,
1099 741 1201 779 vereor
1213 743 1251 780 ne
1264 727 1359 782 nimio

324 803 494 859 insolentior
515 819 579 858 csse
600 801 700 857 videar
722 807 753 856 et
773 801 922 872 quaesisse
944 801 1127 855 metationem
1149 803 1260 872 gloriae
1285 821 1357 873 pro-

325 882 376 936 lati
393 880 491 952 imperi
508 879 583 934 ultra
595 878 748 934 Oceanum
775 880 828 932 sed
844 878 913 932 illoc
929 877 1026 948 potins
1043 873 1180 933 revertarss
1208 879 1358 934 cirimtem

818 981 856 1036 11.

325 1089 1218 1108 .....................................................
1227 1051 1264 1105 lsi
1283 1069 1356 1106 sene

325 1145 401 1185 novo
419 1168 529 1184 .......
564 1127 646 1182 dirus
667 1125 736 1198 Aug
743 1168 870 1183 ........
893 1146 930 1180 no
939 1167 1030 1182 ......
1040 1131 1052 1182 t
1086 1134 1130 1182 set
1159 1133 1280 1198 patruus
1306 1128 1354 1183 Ti.

326 1207 433 1262 Caesar
450 1222 561 1260 omnem
578 1203 678 1259 florem
695 1205 802 1276 ubique
820 1205 994 1258 coloniarum
1010 1221 1046 1258 ac
1058 1204 1282 1275 municipiorum,
1300 1205 1354 1259 bo-

325 1301 428 1339 nomm
441 1283 550 1337 scilicet
562 1281 687 1336 virorum
700 1287 730 1336 et
746 1282 946 1352 locupletium,
964 1282 994 1336 in
1006 1283 1061 1336 hac
1075 1281 1154 1336 curia
1171 1299 1235 1336 esse
1253 1283 1353 1336 voluit.

326 1361 396 1433 quid
413 1359 507 1431 ergo?
540 1376 599 1413 non
615 1357 734 1413 Italicus
756 1367 871 1414 senator
891 1359 1060 1430 provinciali
1081 1360 1178 1429 potior
1195 1359 1261 1413 est?
1295 1358 1354 1412 ianr

325 1440 407 1494 vobis
422 1455 486 1492 cum
498 1437 574 1490 hanc
585 1442 696 1506 partem
709 1453 845 1492 censurae
859 1455 939 1492 meae
956 1437 1117 1507 adprobare
1132 1452 1264 1506 coepero,
1283 1436 1354 1506 quid

326 1517 362 1571 de
376 1533 411 1572 ea
424 1532 456 1570 re
470 1513 602 1582 sentiam,
620 1515 706 1569 rebus
726 1515 885 1570 ostendam
909 1516 961 1569 scd
974 1531 1010 1570 ne
1024 1513 1213 1584 provinciales
1228 1513 1353 1584 quidem,

326 1593 453 1647 simodo
472 1607 573 1646 ornare
591 1589 698 1644 curiam
714 1592 854 1661 poterint,
872 1591 1033 1646 reiciendos
1050 1598 1129 1661 puto.

290 1668 479 1726 Ornatissima
509 1683 576 1721 eece
608 1667 724 1721 colonia
754 1668 1008 1740 valentissimaqne
1032 1667 1237 1725 Viennensium
1267 1683 1353 1737 quam

258 1763 282 1802 ro
325 1752 413 1816 longo
430 1744 486 1798 iam
503 1749 631 1812 tempore
649 1749 797 1798 senatores
818 1744 886 1799 huic
903 1745 999 1800 curiae
1021 1744 1149 1798 confert!
1176 1761 1211 1798 ex
1229 1760 1287 1815 qua
1305 1761 1353 1798 co-

324 1823 403 1877 lonia
416 1822 490 1875 inter
502 1835 610 1890 paucos
619 1821 760 1890 equestris
769 1821 876 1876 ordinis
886 1827 1091 1890 ornamentum,
1101 1822 1135 1875 L.
1140 1820 1301 1886 Vestinum,
1310 1822 1353 1876 fa-

325 1897 512 1958 miliarissime
522 1897 611 1969 diligo
621 1905 652 1953 et
665 1897 807 1970 hodieque
821 1900 948 1954 inrebus
961 1899 1031 1954 meis
1046 1898 1174 1965 detine03
1193 1898 1273 1952 cuius
1282 1898 1355 1952 libe-

325 1979 496 2033 riiruantur
510 1993 617 2047 quaeso
630 1975 721 2046 primo
741 1977 963 2032 sacerdotiorum
980 1978 1085 2047 gradu,
1103 1976 1270 2046 postmodo
1289 1993 1355 2029 cum

327 2055 408 2111 annis
422 2053 578 2125 promoturi
591 2053 739 2124 dignitatis
755 2071 823 2108 snae
837 2054 1018 2108 incrementa.
1044 2058 1078 2107 nt
1090 2053 1181 2106 dirum
1193 2068 1298 2106 nomen
1314 2053 1355 2107 la-

327 2133 416 2188 tronis
426 2132 634 2200 taceam,etodi
642 2131 715 2184 illud
723 2131 924 2202 palaestricum
932 2130 1186 2201 prodigium,quod
1195 2131 1354 2184 enteindo-

326 2229 401 2264 mum
410 2209 589 2264 consulatum
598 2207 701 2277 intulit,
712 2225 796 2279 quam
806 2207 919 2262 colonia
928 2225 981 2282 sna
991 2208 1112 2261 solidum
1122 2207 1242 2262 civitatis
1250 2207 1356 2262 Roma-

326 2305 381 2342 nae
396 2285 565 2342 beneficinm
580 2291 734 2340 consecuta
743 2290 795 2340 est„
813 2286 890 2340 idem
900 2286 936 2340 de
945 2285 1034 2339 fratre
1048 2285 1109 2340 eius
1123 2301 1239 2354 possum
1248 2284 1355 2352 dicere,

326 2363 483 2420 miserabili
510 2363 625 2434 quidem
651 2361 905 2434 indignissimoque
932 2363 988 2416 hoc
1010 2379 1092 2431 casn,
1117 2367 1151 2416 nt
1171 2359 1253 2415 vobis
1276 2361 1355 2414 utilis

328 2446 444 2496 senator
461 2456 525 2494 csse
542 2456 600 2493 non
618 2439 718 2509 possit
1094 2493 1100 2506 ,

258 2512 1356 2586 soTempusestism,Ti.CaesarGermanice,detegeretepatribusconscriptis

328 2609 384 2664 quo
402 2593 503 2645 tendat
521 2592 612 2645 oratio
625 2596 688 2644 tua:
705 2591 762 2644 iarn
776 2591 850 2645 enim
863 2592 901 2645 ad
914 2596 1056 2646 extremos
1069 2589 1141 2644 fines
1155 2589 1269 2645 Galliae
1282 2589 1354 2644 Nar·

327 2668 463 2723 bonensis
482 2667 593 2721 venisti.

293 2747 353 2801 Tot
365 2761 431 2800 ecce
444 2743 571 2814 insigues
583 2742 709 2813 iuvenes,
720 2749 792 2815 quot
803 2743 924 2814 intueor,
933 2762 993 2799 non
1006 2744 1098 2815 magis
1112 2747 1177 2797 sunt
1190 2741 1356 2813 paenitendi

328 2827 488 2892 senatores,
512 2825 597 2893 qu'am
614 2821 742 2891 paenitet
758 2821 918 2892 Persicum,
940 2821 1265 2889 nobilissimumvirum,
1288 2821 1354 2874 ami·

259 2913 284 2952 to
328 2917 391 2954 cum
412 2916 518 2968 meum,
540 2898 616 2952 inter
636 2897 774 2970 imagines
800 2897 938 2952 maiorum
964 2915 1079 2952 suorum
1099 2896 1280 2968 Allobrogici
1305 2915 1355 2952 no-

327 2994 392 3032 men
400 2977 507 3047 legere.
527 2977 604 3047 quod
614 2977 638 3030 si
647 2977 719 3032 haec
731 2976 772 3030 ita
781 2992 844 3031 esse
856 2975 1031 3045 consentitis,
1042 2974 1110 3047 quid
1124 2975 1200 3029 ultra
1212 2974 1355 3029 desidera·

328 3055 365 3108 tis
383 3071 468 3125 quam
486 3059 520 3106 nt
536 3053 620 3108 vobis
639 3053 729 3124 digito
753 3054 946 3108 demonstrem
967 3053 1060 3107 solnm
1080 3052 1174 3122 ipsum
1190 3053 1266 3106 ultra
1283 3051 1354 3106 fines

328 3131 492 3202 provinciae
515 3131 711 3202 Narbonensis
738 3130 795 3185 iam
816 3130 899 3184 vobis
923 3134 1070 3184 senatores
1091 3127 1217 3198 mittere,
1241 3130 1354 3200 quando

328 3226 362 3263 ex
375 3210 534 3278 Luguduno
554 3207 662 3262 habere
688 3225 741 3262 nos
767 3206 860 3262 nostri
886 3206 993 3260 ordinis
1018 3205 1095 3260 viros
1121 3222 1180 3260 nou
1205 3206 1356 3276 paenitet?

260 3298 278 3335 ε’
327 3283 423 3338 timide
438 3283 560 3354 quidem,
579 3300 606 3352 p.
618 3301 650 3354 c.,
670 3301 801 3354 egressus
815 3285 951 3338 adsuetos
965 3281 1120 3337 familiares
1130 3299 1185 3353 que
1194 3281 1277 3336 vobis
1291 3299 1355 3351 pro·

327 3360 483 3412 vinciacum
509 3361 645 3414 terminos
672 3379 746 3430 sum,
776 3361 826 3414 sed
854 3359 988 3416 destricte
1010 3359 1066 3414 iam
1090 3364 1219 3414 comatae
1243 3357 1355 3414 Galliae

329 3451 416 3488 cause
429 3435 543 3503 agenda
558 3441 609 3490 est
631 3437 661 3489 in
672 3451 730 3506 qua
739 3437 763 3489 si
773 3437 836 3506 quis
845 3437 901 3490 hoc
914 3436 1050 3506 intuetur,
1061 3436 1138 3507 quod
1152 3436 1229 3490 bello
1242 3452 1295 3505 per
1308 3436 1354 3488 dc-

329 3527 390 3565 cem
412 3526 503 3564 annos
526 3516 715 3566 exercuerunt
737 3512 831 3566 divom
853 3512 970 3581 Iulium,
994 3513 1069 3568 idem
1091 3516 1354 3582 opponat-centum

329 3603 467 3642 annorum
488 3586 661 3642 immobilem
688 3586 774 3641 fldem
796 3588 1022 3660 obsequiumque
1048 3589 1145 3642 multis
1171 3586 1291 3658 trepidis
1313 3605 1354 3641 rc-

329 3666 382 3721 bus
397 3663 501 3718 nostris
515 3665 667 3736 plusquam
680 3670 835 3735 expertum.
852 3665 896 3718 illi
907 3666 983 3735 patri
996 3683 1060 3722 meo
1069 3667 1165 3720 Druso
1177 3663 1354 3720 Germaniam

330 3741 475 3812 subigenti
497 3747 587 3797 tutem
609 3743 703 3813 quiete
726 3759 777 3796 sue
800 3757 985 3814 securamque
1002 3761 1021 3797 a
1037 3749 1120 3813 tergo
1137 3758 1239 3812 pacem
1260 3755 1354 3811 prees-

329 3819 462 3888 titerunt,
482 3824 511 3873 et
528 3819 643 3890 quidem
660 3823 870 3875 cumabcensus
888 3835 963 3874 novo
980 3824 1040 3874 tum
1053 3835 1139 3889 opere
1154 3817 1226 3872 etin
1244 3817 1281 3872 sd
1295 3833 1355 3870 sue-

329 3900 360 3948 to
388 3894 480 3950 Gallis
511 3896 549 3950 ed
580 3896 688 3952 bellum
715 3904 851 3952 evocatus
878 3902 963 3951 esset
999 3897 1076 3968 quod
1104 3913 1176 3965 opus
1204 3910 1289 3966 quem
1313 3909 1354 3946 er·

331 3971 416 4024 duum
434 3971 470 4026 sit
486 3973 584 4042 nobis,
601 3990 678 4028 nuuc
696 3989 759 4027 cnm
776 3973 909 4044 maxime,
931 3991 1016 4044 quam
1033 3973 1076 4028 vis
1094 3972 1166 4026 nihil
1183 3972 1355 4042 ultraquam

261 4062 287 4102 eo
330 4051 363 4098 ut
387 4047 503 4116 publice
530 4053 617 4105 notae
645 4049 702 4104 sint
732 4050 886 4106 facultates
918 4056 1033 4107 nostrae
1067 4049 1244 4122 exquiratur,
1274 4044 1354 4100 nimis

330 4137 435 4192 magno
454 4127 646 4194 experimento
666 4127 873 4199 cognoscimus.
