3020 4958
332 398 395 468 256
683 409 867 468 canuam
880 407 1010 466 raeiri

1252 513 1273 542 ι.
1284 514 1306 543 u.
1317 505 1364 544 812.

330 571 416 636 mina
432 571 595 656 petivisse,
618 569 842 651 inmissamque
859 566 965 632 Acten
985 565 1143 646 libertam,
1166 591 1249 654 quae
1268 572 1365 636 simul

331 687 389 730 suo
407 665 545 752 periculo
567 675 599 729 et
619 663 749 728 infamia
764 663 899 729 Neronis
921 663 1015 728 anxia
1037 664 1171 729 deferret
1193 668 1365 754 pervulga-

331 769 397 824 tum
416 781 486 826 esse
503 759 657 824 incestum
671 758 822 844 gloriante
840 767 948 834 matre,
967 779 1026 822 nec
1043 757 1153 823 tolerat
1141 768 1227 824 turos
1246 761 1364 826 milltes

330 854 455 942 profani
476 853 624 941 principis
645 853 820 962 imperium.
846 851 965 918 Fabius
983 853 1133 919 Rusticus
1155 877 1219 918 non
1241 855 1365 942 Agrip-

331 950 424 1036 pinae
442 949 499 1014 sed
511 947 627 1013 Neroni
641 947 780 1033 cupitum
798 947 831 1010 id
848 933 999 1011 memorat
1013 947 1216 1031 eiusdemque
1230 949 1365 1015 libertae

332 1054 403 1109 astu
425 1043 604 1108 disiectum.
627 1043 683 1106 sed
704 1063 785 1125 quae
810 1039 956 1118 Cluvius,
984 1043 1167 1106 eademt
1117 1053 1167 1106 cet
1168 1043 1212 1107 eri
1234 1065 1364 1128 quoque

332 1147 475 1203 auctores
502 1137 680 1223 prodidere,
707 1145 739 1200 et
765 1136 851 1200 fama
876 1135 938 1200 huc
964 1136 1106 1214 inclinat,
1134 1159 1190 1202 seu
1217 1140 1365 1224 concepit

332 1233 436 1298 animo
450 1241 569 1296 tantum
581 1230 771 1295 inmanitatis
784 1228 971 1315 Agrippina,
991 1252 1048 1294 seu
1066 1229 1243 1296 credibilior
1260 1254 1364 1297 novae

332 1324 469 1391 libidinis
491 1325 651 1390 meditatio
672 1325 705 1388 in
728 1347 766 1390 ea
782 1324 851 1388 visa
869 1333 929 1401 est,
952 1346 1034 1407 quae
1055 1325 1248 1409 puellaribus
1271 1328 1364 1396 aunis

332 1427 475 1505 stuprum
492 1440 564 1483 cum
577 1418 701 1502 Lepido
720 1439 776 1502 spe
793 1417 1011 1482 dominationis
1025 1418 1202 1496 admiserat,
1221 1420 1291 1504 pari
1310 1443 1366 1485 cu-

330 1513 437 1598 pidine
459 1533 559 1595 usque
582 1511 622 1575 ad
643 1509 733 1574 libita
749 1510 901 1575 Pallantis
923 1511 1087 1596 provoluta
1109 1520 1140 1576 et
1161 1513 1301 1578 exercita
1322 1514 1365 1618 ad

330 1629 423 1670 omne
440 1605 594 1692 flagitium
611 1605 714 1690 patrui
732 1605 859 1690 nuptiis.

298 1717 313 1764 3
395 1699 497 1808 Igitur
510 1699 594 1764 Nero
616 1699 714 1764 vitare
728 1708 865 1764 secretos
884 1699 952 1765 eius
971 1722 1168 1787 congressus,
1188 1699 1365 1766 absceden-

330 1802 394 1857 tem
420 1794 453 1858 in
478 1793 584 1860 hortos
612 1802 666 1858 aut
653 1793 904 1858 tTusculanum
930 1794 981 1858 vel
1001 1793 1164 1860 Antiatem
1190 1796 1224 1859 in
1251 1819 1365 1882 agrum

330 1888 468 1967 laudare,
487 1889 571 1973 quod
589 1888 687 1953 otium
705 1899 893 1973 capesseret:
911 1897 1079 1974 postremo,
1098 1889 1289 1974 ubicumque
1307 1890 1365 1954 ha·

331 1981 470 2061 berctur,
488 2004 692 2069 praegravem
709 1992 810 2060 ratus,
829 1981 1003 2047 interficere
1022 1983 1189 2062 constituit,
1209 1984 1363 2049 hactenus

332 2077 528 2155 consultans,
554 2099 675 2142 veneno
698 2100 739 2142 an
760 2075 842 2142 ferro
868 2076 919 2139 vel
941 2098 1004 2160 qua
1026 2076 1087 2141 alia
1108 2077 1154 2156 vi;
1181 2076 1364 2162 placuitque

207 2247 210 2254 ¹
331 2172 433 2257 primo
450 2193 620 2249 venenum3
640 2171 696 2236 sed
713 2171 793 2236 inter
811 2170 919 2256 epulas
938 2171 1086 2264 principis
1106 2171 1133 2236 si
1151 2172 1290 2248 daretur,
1315 2192 1365 2236 re-

332 2265 407 2330 ferri
430 2266 470 2330 ad
493 2288 601 2330 casum
623 2289 686 2330 non
707 2275 829 2350 poterat
846 2265 900 2329 tali
921 2265 984 2329 iam
1001 2265 1174 2330 Britannici
1196 2265 1308 2344 exitio;
1331 2275 1364 2330 et

332 2359 491 2424 ministros
514 2368 665 2444 temptare
688 2359 820 2424 arduum
841 2358 1006 2424 videbatur
1027 2359 1166 2424 mulieris
1184 2381 1246 2423 usu
1264 2359 1365 2424 scele-

318 2475 402 2530 rum
424 2451 574 2518 adversus
598 2453 728 2517 insidias
751 2454 903 2532 intentae3
926 2462 1018 2536 atque
1041 2454 1110 2538 ipsa
1131 2453 1364 2539 praesumendo
1432 2507 1438 2514 .

331 2544 469 2608 remedia
486 2543 641 2608 munierat
654 2567 777 2630 corpus.
800 2547 919 2612 ferrum
936 2556 967 2611 et
980 2547 1092 2611 caedes
1110 2569 1249 2630 quonam
1266 2547 1364 2612 modo

332 2636 551 2715 occultaretur,
574 2659 667 2703 nemo
689 2637 878 2724 reperiebat,
902 2650 934 2705 et
954 2663 993 2705 ne
1015 2640 1086 2725 quis
1108 2641 1153 2705 illi
1175 2650 1261 2705 tanto
1283 2640 1365 2705 faci·

332 2731 400 2797 nori
413 2730 551 2800 delectus
564 2731 652 2796 iussa
670 2742 839 2818 sperneret,
857 2734 1047 2800 metuebant.
1071 2733 1182 2801 obtulit
1199 2734 1363 2820 ingenium

332 2825 486 2892 Anicetus
500 2825 639 2907 libertus,
659 2827 752 2894 classi
766 2829 850 2915 apud
862 2828 1022 2894 Misenum
1041 2829 1218 2915 praefectus
1237 2839 1268 2894 et
1284 2850 1365 2915 pue-

333 2921 421 2988 ritiae
443 2921 575 2988 Neronis
599 2923 748 2989 educator
769 2946 806 2990 ac
828 2924 944 2988 mutuis
967 2923 1046 2988 odiis
1064 2924 1261 3011 Agrippinae
1282 2924 1364 2988 invi-

335 3039 404 3095 sus;
422 3038 497 3104 ergo
515 3039 627 3082 navem
644 3039 739 3104 posse
757 3017 902 3103 componi
919 3020 1023 3096 docet,
1043 3019 1132 3083 cuius
1149 3040 1223 3103 pars
1240 3017 1311 3102 ipso
1329 3017 1364 3081 in

334 3113 413 3178 mari
425 3135 481 3198 per
499 3123 595 3178 artem
610 3115 712 3180 soluta
725 3113 897 3178 effunderet
909 3113 1064 3198 ignaram:
1084 3113 1161 3177 nihil
1179 3123 1242 3176 tam
1261 3133 1363 3198 capax

334 3205 531 3272 fortuitorum
545 3229 639 3291 quam
648 3230 748 3285 mare;
762 3216 793 3272 et
807 3207 833 3272 si
846 3207 1010 3292 naufragio
1019 3206 1188 3291 intercepta
1202 3206 1252 3281 sit,
1266 3227 1363 3288 quem

334 3299 413 3362 adeo
426 3299 568 3381 iniquum
586 3309 621 3364 ut
639 3301 748 3366 sceleri
766 3301 910 3387 adsignat
923 3301 1007 3385 quod
1025 3300 1111 3365 venti
1128 3310 1159 3365 et
1176 3299 1289 3364 fluctus
1307 3297 1364 3362 de-

333 3388 498 3471 liquerint?
515 3391 692 3456 additurum
706 3395 878 3479 principem
892 3394 1058 3460 defunctae
1073 3393 1224 3479 templum
1242 3401 1273 3457 et
1290 3414 1363 3456 aras

329 3491 365 3546 et
383 3493 485 3547 cetera
502 3486 705 3550 ostentandae
722 3488 857 3571 pietati..

300 3595 316 3644 4
399 3575 522 3642 Placuit
540 3577 675 3643 sollertia
693 3589 832 3666 tempore
851 3583 945 3647 etiam
963 3582 1037 3660 iuta,
1057 3583 1183 3666 quando
1198 3580 1364 3664 Quinqua-

335 3680 439 3740 truum
461 3671 559 3737 festos
578 3672 644 3740 dies
663 3675 748 3760 apud
764 3675 860 3741 Baias
883 3676 1116 3761 frequentabat;
1138 3675 1212 3740 illuc
1229 3683 1363 3739 matrem

334 3766 431 3845 elicit,
459 3766 604 3832 serendas
630 3769 804 3854 parentium
830 3770 1006 3836 iracundias
1030 3779 1061 3835 et
1082 3769 1270 3856 placandum
1296 3767 1364 3832 ani-

334 3883 422 3926 mum
440 3861 600 3940 dictitans,
619 3883 856 3946 quo‘rumorem
877 3864 1136 3928 reconciliationis
1156 3862 1293 3927 efficeret
1310 3881 1364 3928 ac·

336 3953 512 4040 ciperetque
526 3955 712 4044 Agrippina,
731 3958 815 4022 facili
828 3957 1016 4021 feminarum
1031 3957 1212 4022 credulitate
1226 3955 1266 4019 ad
1283 3977 1363 4040 gau·

335 4048 396 4112 dia.
424 4051 599 4115 venientem
618 4052 730 4117 dehinc
752 4051 863 4118 obvius
881 4052 914 4116 in
930 4051 1022 4116 litora
1040 4091 1082 4099 -
1099 4073 1172 4115 nam
1191 4049 1288 4114 Antio
1307 4047 1363 4112 ad·

335 4141 483 4208 ventabat
502 4182 540 4190 -
561 4147 682 4232 excepit
703 4169 798 4212 manu
821 4157 852 4212 ct
874 4147 1039 4232 complexu
1062 4145 1209 4228 ducitque
1226 4142 1361 4208 Baulos:
