2960 4962
329 443 390 508 164
676 447 862 506 CORNELII
876 445 1010 503 TACITI

1247 548 1301 578 ⁸·ll·
1353 567 1358 579 .

197 594 202 608 ¹
328 612 430 678 medio
448 608 603 694 quaesita,
622 605 759 672 venditio
777 615 808 670 et
825 605 955 691 emptio,
974 605 1007 669 in
1025 605 1214 672 mntrarium
1233 540 1358 684 manlii,

327 707 402 790 quia
418 705 629 770 faeneratores
647 722 773 766 omnem
790 700 956 785 pecuniam
975 699 1150 765 mercandis
1172 700 1260 786 agris
1283 723 1360 765 oon·

327 800 479 864 diderant.
516 796 638 882 copiam
664 794 820 859 vendendi
845 802 953 858 secuta
979 792 1112 871 vilitate,
1139 803 1258 877 quanto
1285 795 1358 878 quis

328 892 516 969 obaeratior,
543 888 667 976 aegrius
690 885 918 965 distrahebant3
945 887 1097 971 multique
1123 887 1257 954 fortunis
1285 910 1359 974 pro-

328 986 546 1062 volvebantur,
573 982 694 1048 eversio
719 983 765 1047 rei
786 980 948 1048 familiaris
971 981 1155 1067 dignitatem
1177 1003 1215 1046 ac
1236 981 1358 1046 famam

328 1101 478 1168 praeceps
504 1077 613 1154 dabat,
641 1076 742 1141 donee
768 1075 838 1140 tulit
860 1097 953 1160 opem
977 1073 1097 1142 Caesar
1122 1075 1278 1161 disposito
1300 1097 1359 1160 per

328 1197 454 1240 mensas
471 1172 572 1237 milies
592 1170 733 1237 sestertio
751 1169 897 1254 factaque
914 1170 1079 1236 mutuandi
1096 1170 1186 1255 copia
1198 1169 1268 1235 sine
1280 1192 1358 1234 usu·

327 1270 370 1336 ris
387 1289 444 1355 per
461 1266 628 1332 triennium
646 1265 673 1330 si
690 1263 812 1329 debitor
828 1263 945 1349 populo
962 1263 996 1327 in
1009 1261 1139 1349 duplum
1152 1263 1290 1348 praediis
1305 1286 1358 1328 ca·

327 1364 434 1428 visset.
459 1361 504 1427 sic
520 1359 639 1425 resecta
655 1359 744 1436 fides,
763 1367 795 1423 et
811 1357 963 1443 paulatim
980 1357 1093 1444 privati
1112 1379 1237 1442 quoque
1256 1358 1358 1424 credi-

328 1466 411 1522 tores
428 1454 542 1540 reperti
548 1478 557 1531 3
584 1473 686 1536 neque
709 1452 825 1537 emptio
843 1473 991 1538 agrorum
1008 1452 1144 1518 exercita
1162 1451 1202 1516 ad
1221 1451 1358 1517 formam

328 1560 455 1614 senatus
482 1546 630 1624 consulti,
659 1544 798 1624 acribus,
825 1553 861 1610 ut
886 1545 984 1611 ferme
1011 1545 1099 1624 talia,
1125 1546 1236 1622 initiis,
1268 1546 1358 1611 incu-

326 1643 409 1708 rioso
427 1642 498 1706 line.

269 1727 308 1838 ἐξ
390 1735 477 1800 Dein
493 1733 625 1801 redeum
641 1735 760 1820 priores
778 1746 882 1802 metus
903 1735 1061 1822 postulato
1078 1736 1251 1802 maiestatis
1271 1733 1358 1801 Con·

305 1793 408 1896 'sidio
430 1829 580 1908 Proculo;
607 1830 662 1914 qui
683 1829 769 1894 nullo
791 1851 908 1915 pavore
930 1830 1014 1894 diem
1034 1829 1171 1896 natalem
1192 1828 1357 1896 celebrans

326 1935 435 2011 raptus
452 1924 486 1988 in
508 1923 627 1988 curiam
648 1923 826 2009 pariterque
848 1924 1015 1989 damnatus
1037 1923 1298 2008 interfectusque,
1326 1938 1357 1989 et

327 2019 425 2084 sorori
442 2019 511 2084 eius
526 2015 660 2084 Sanciae
677 2013 760 2101 aqna
773 2026 866 2101 atque
880 2017 946 2104 igni
959 2018 1167 2096 interdictum,
1186 2028 1357 2084 accusante

287 2177 294 2198 ,
328 2113 369 2197 Q.
387 2114 579 2202 Pomponio:
602 2113 630 2179 is
652 2113 791 2180 moribus
812 2113 935 2197 inquies
952 2112 1031 2178 haec
1049 2122 1081 2178 et
1101 2112 1322 2180 huiuscemodi
1339 2137 1358 2178 a

328 2231 362 2274 se
381 2208 516 2274 factitari
532 2207 768 2294 praetendebat,
791 2221 826 2271 ut
847 2216 937 2293 parta
958 2207 1043 2293 apud
1063 2207 1237 2293 principem
1255 2209 1359 2296 gratia

326 2303 473 2388 periculis
495 2301 663 2386 Pomponii
687 2299 826 2368 Secundi
852 2301 957 2366 fratris
983 2301 1168 2366 mederetur.
1200 2301 1299 2366 etiam
1324 2302 1359 2366 in

326 2397 510 2482 Pompeiam
538 2395 715 2462 Macrinam
742 2397 883 2462 exilium»
897 2396 1056 2474 statuitur,
1092 2396 1181 2462 ouius
1208 2396 1358 2462 maritum

326 2488 525 2574 Argolicum,
545 2510 686 2553 socerum
704 2491 881 2568 Laconem,
900 2512 918 2555 e
936 2489 1123 2576 primoribus
1141 2488 1356 2568 Achaeorum,

327 2582 447 2649 Caesar
464 2581 640 2659 addixeram
658 2591 747 2668 pater
763 2604 899 2667 qnoque,
917 2584 1057 2650 inlustris
1071 2606 1166 2669 eques
1179 2584 1356 2663 Romanus,

326 2698 364 2741 ac
381 2675 477 2740 frater
493 2676 681 2761 praetorius,
700 2699 773 2742 cum
790 2678 950 2745 damnatio
967 2679 1111 2757 instaret,
1130 2701 1164 2745 se
1182 2678 1244 2765 ipsi
1260 2679 1358 2746 inter-

326 2771 442 2836 fecerer
461 2770 571 2838 datum'
583 2780 650 2836 erat
662 2772 785 2838 crimini
798 2774 883 2856 quod
892 2772 1107 2859 Theophanen
1115 2771 1356 2858 Mitylenaeum,

326 2888 478 2952 proavum
509 2889 631 2945 eorum,
668 2865 728 2933 Cn.
751 2865 891 2954 Magnus
923 2867 1003 2933 inter
1028 2867 1154 2933 intimos
1180 2866 1354 2944 habuisset,

326 2960 474 3046 quodque
500 2960 648 3027 defuncto
674 2961 861 3048 Theophani
892 2961 1042 3028 caelestes
1068 2962 1203 3028 honores
1231 2958 1357 3028 Graeca

327 3055 464 3121 adulatio
482 3055 640 3123 tribuerat.

276 3147 309 3252 ²9⁵
391 3149 471 3216 Post
488 3172 568 3235 quos
588 3149 662 3218 Sex.
681 3150 818 3230 Marius,
846 3151 1073 3237 Hispaniarum
1090 3151 1278 3229 ditissimus,
1302 3151 1358 3216 de-

271 3213 291 3256 (1
306 3209 314 3262 ³
327 3244 427 3309 fertur
452 3243 624 3311 incestasse
646 3244 742 3310 filiam
766 3257 797 3311 et
824 3267 900 3311 saxo
923 3245 1058 3332 Tarpeio
1084 3246 1229 3324 deicitur;
1256 3267 1294 3310 ac
1316 3267 1356 3310 ne

326 3335 458 3400 dubium
479 3336 648 3403 haberetur
667 3339 916 3425 magnitudinem
937 3339 1088 3425 pecuniae
1111 3339 1194 3408 malo
1211 3339 1355 3426 vertisse,

327 3427 465 3491 aurariae
484 3429 568 3505 eius,
586 3451 777 3514 quamquam
794 3432 1040 3518 publicarentur,
1064 3434 1190 3500 sibimet
1207 3433 1355 3500 Tiberius

327 3519 476 3605 seposuit.
504 3520 711 3606 inritatusque
729 3527 891 3611 suppliciis
909 3536 1053 3607 cunctos,
1072 3528 1126 3613 qui
1143 3549 1267 3594 carcere
1285 3528 1356 3593 atti·

326 3612 481 3679 nebantur
506 3616 646 3681 accusati
672 3617 829 3685 societatis
856 3641 928 3687 oum
956 3619 1086 3700 Seiano,
1122 3622 1227 3688 necari
1252 3621 1354 3688 iubet:

326 3708 422 3775 iacuit
439 3708 582 3776 inmensa
600 3719 735 3798 strages,
764 3714 866 3781 omnis
889 3737 998 3794 sexus,
1025 3717 1128 3782 omnis
1146 3725 1248 3793 aetas,
1274 3713 1356 3780 inlu-

327 3814 422 3885 stres,
449 3805 619 3894 ignobiles,
646 3808 778 3894 dispersi
795 3819 851 3875 aut
868 3811 1025 3898 aggerati3
1051 3833 1153 3897 neque
1170 3809 1354 3897 propinquis

327 3909 381 3966 aut
399 3901 508 3967 amicis
526 3902 686 3981 adsistere,
705 3903 909 3982 inlacrimare,
926 3927 967 3970 ne
981 3906 1082 3972 visere
1095 3905 1223 3989 quidem
1235 3904 1355 3970 diutius

327 3994 473 4073 dabatur3
497 3996 554 4062 sed
575 3997 765 4064 circumiecti
787 3997 933 4064 custodes
952 4008 984 4063 et
1004 3999 1037 4064 in
1058 4021 1231 4066 maerorem
1249 3997 1355 4063 ciuus·

326 4109 388 4171 que
404 4090 516 4156 intenti
533 4111 663 4177 corpora
683 4093 859 4179 putrefacta
876 4093 1131 4172 adsectabantur,
1154 4094 1230 4158 dum
1247 4093 1281 4158 in
1298 4091 1356 4155 Ti·

326 4179 426 4246 berim
452 4183 659 4264 traherentur,
691 4186 746 4252 ubi
772 4187 923 4254 fluitantia
949 4199 1004 4254 aut
1028 4189 1104 4274 ripis
1131 4186 1265 4273 adpulsa
1289 4207 1353 4251 non
