2960 4962
405 451 614 512 ANNALIUM
631 453 705 509 ΗΒ.
722 453 772 512 1v.
790 454 911 512 48-52.
1107 445 1168 512 139

126 559 147 597 p.
156 545 199 587 Cb.
209 547 248 586 Ν.

125 613 309 699 ignobiles,
338 611 482 695 quamvis
508 610 624 676 diversi
650 611 825 695 sententiis,
857 635 967 679 vemm
992 637 1011 680 e
1035 616 1168 684 ducibus

125 706 238 784 Dinis,
259 713 437 792 provectus
456 713 582 770 senecta
599 713 630 769 et
646 703 820 790 longousu
838 706 902 770 vim
921 717 1013 791 atque
1035 709 1168 776 clemen·

125 803 201 866 tiam
219 801 411 866 Romanam
429 799 572 876 edoctus,
590 799 735 884 ponenda
752 822 852 877 arma,
871 822 968 866 unum
987 803 1118 870 adflictis
1135 805 1168 870 id

125 894 313 959 remedium
326 891 511 969 disserebat,
528 892 711 977 primusque
725 914 759 957 se
777 915 850 957 cum
864 895 997 981 coniuge
1015 905 1046 962 et
1062 896 1168 964 liberis

125 989 240 1054 victori
260 987 410 1073 permisit
415 1012 424 1065 3
447 986 547 1051 secuti
564 995 667 1051 aetate
684 995 739 1050 aut
756 1008 835 1051 sexu
851 987 989 1054 inbecilli
1006 998 1038 1054 et
1054 990 1169 1074 quibus

125 1083 229 1148 maior
242 1084 334 1146 vitae
347 1103 443 1165 quam
456 1080 574 1166 gloriae
590 1079 715 1164 cupido.
739 1089 771 1145 at
783 1081 929 1147 iuventus
944 1081 1077 1148 Tarsam
1090 1085 1170 1150 inter

126 1187 157 1240 ct
174 1176 336 1242 Turesim
359 1174 601 1240 distrahebatur:
625 1174 748 1258 utrique
770 1175 961 1245 destinatum
983 1199 1056 1242 cum
1076 1178 1169 1244 liber-

127 1280 191 1336 tate
209 1270 374 1348 occidere,
393 1270 450 1335 sed
463 1269 565 1334 Tarsa
576 1289 746 1353 properum
757 1291 817 1356 per
830 1269 923 1334 finem
937 1271 1168 1357 abrumpendas

127 1365 251 1449 pariter
270 1386 346 1450 spes
364 1385 402 1428 ac
418 1372 520 1428 metus
543 1362 707 1428 clamitans
726 1363 812 1428 dedit
834 1365 1013 1450 exemplum
1030 1366 1168 1431 demisso

127 1458 162 1521 in
177 1467 299 1544 pectus
317 1457 417 1535 ferr03
439 1478 498 1521 nec
515 1457 644 1521 defuere
661 1457 716 1540 qui
733 1457 844 1523 eodem
861 1459 960 1524 modo
975 1467 1167 1548 oppeterent.

131 1551 271 1618 Turesis
286 1575 346 1617 sua
358 1571 432 1616 cum
444 1573 540 1622 manu
551 1557 676 1616 noctem
689 1551 856 1635 opperitur,
870 1553 958 1617 haud
967 1554 1074 1620 nescio
1088 1553 1168 1618 duce

114 1656 258 1746 ¹nostr03
277 1646 375 1732 igitur
392 1644 532 1708 firmatae
549 1643 699 1708 stationes
717 1645 913 1712 densioribus
932 1647 1034 1733 globis
1040 1671 1049 1726 ;
1072 1657 1104 1712 et
1120 1646 1168 1712 in-

131 1740 273 1824 gruebat
285 1763 351 1806 nox
362 1738 470 1805 nimbo
484 1748 582 1816 auor,
597 1738 759 1822 hostisque
773 1740 907 1806 clamore
920 1741 1063 1820 turbido,
1072 1743 1167 1808 modo

131 1853 189 1918 per
206 1845 338 1900 vastum
356 1833 528 1911 silentium,
551 1833 687 1898 incertos
708 1832 890 1900 obsessores
913 1836 1071 1914 effecerat,
1095 1859 1168 1902 cum

135 1925 280 1994 Sabinus
299 1928 477 2004 circumire,
500 1927 616 1992 hortari
633 1949 673 1992 ne
691 1925 732 1993 ad
749 1927 898 2014 ambigua
916 1929 1035 1994 sonitus
1054 1938 1108 1993 aut
1127 1929 1168 1993 si-

134 2023 343 2088 mulationem
361 2021 475 2105 quietis
493 2043 602 2086 casum
619 2020 839 2085 insidiantibus
853 2022 1017 2106 aperirent,
1037 2022 1093 2086 sed
1111 2044 1168 2086 sua

135 2117 271 2202 quisque
297 2117 406 2181 munia
432 2125 593 2180 servarent
613 2115 735 2180 immoti
757 2114 890 2197 telisque
911 2137 975 2179 non
996 2116 1029 2179 in
1051 2115 1167 2180 falsum

134 2210 235 2277 iactis.
258 2211 380 2276 interea
396 2209 521 2275 barbari
534 2210 667 2276 catervis
686 2210 885 2274 decurrentes
898 2231 983 2274 nunc
999 2210 1033 2274 in
1050 2209 1168 2276 vellum
1186 2231 1215 2278 51

138 2307 298 2372 manualia
311 2329 398 2384 saxa,
416 2315 578 2391 praeustas
596 2306 700 2382 sudes,
715 2305 823 2369 decisa
833 2304 948 2370 robora
959 2305 1070 2383 iacere,
1085 2327 1169 2370 nunc

137 2401 282 2488 virgultis
301 2409 333 2464 et
351 2400 486 2466 cratibus
505 2409 537 2464 et
554 2399 736 2484 corporibus
754 2400 907 2465 exanimis
925 2399 1080 2485 complere
1103 2399 1168 2464 fos-

139 2517 204 2574 sas;
231 2496 361 2579 quidam
382 2495 488 2581 pontis
511 2503 543 2559 et
565 2495 667 2560 scalas
693 2502 766 2559 ante
792 2492 935 2560 fabricati
959 2494 1074 2561 inferre
1095 2516 1168 2580 pro-

137 2590 324 2677 pugnaculis
347 2611 446 2673 eaque
472 2610 635 2678 prensare,
662 2588 823 2652 detrahere
847 2599 877 2655 et
899 2589 1066 2655 adversum
1091 2589 1168 2654 resi·

139 2685 247 2748 atentia
266 2683 443 2748 comminus
460 2681 531 2760 niti3
550 2683 640 2746 miles
655 2691 763 2746 contra
775 2683 940 2749 deturbare
954 2685 1033 2762 telis,
1051 2684 1166 2769 pellere

137 2778 343 2855 umbonibus,
369 2777 502 2842 muralia
523 2777 600 2863 pila,
630 2786 794 2863 congestas
816 2777 955 2863 lapidum
973 2779 1072 2844 moles
1094 2801 1167 2862 pro-

69 2926 72 2932 .
137 2872 272 2937 volvere.
296 2873 346 2936 his
363 2882 471 2958 partae
485 2869 632 2936 victoriae
651 2893 723 2956 spes
743 2880 782 2949 et,
802 2873 830 2936 si
848 2873 968 2949 cedant,
980 2872 1166 2958 insignitius

138 2965 304 3052 flagitium,
328 2966 389 3030 illis
408 2974 549 3030 extrema
565 2964 628 3029 iam
647 2965 732 3030 salus
751 2975 783 3028 et
800 2966 987 3029 adsistentes
1009 2964 1166 3048 plerisque

137 3071 251 3128 matres
270 3068 302 3124 et
320 3059 475 3146 coniuges·
484 3081 652 3142 earumque
665 3058 802 3122 lamenta
815 3059 934 3122 addunt
952 3057 1087 3132 animos3
1104 3078 1167 3120 nox

138 3154 203 3218 aliis
227 3155 262 3218 in
284 3153 462 3231 audaciam,
489 3152 558 3217 aliis
581 3153 623 3216 ad
644 3151 843 3216 formidinem
865 3157 1032 3234 oportuna3
1059 3149 1168 3212 incerti

137 3246 230 3325 ictus,
254 3247 385 3311 vulnera
401 3248 574 3332 inprovisa3
599 3263 727 3311 suorum
749 3253 843 3327 atque
860 3243 998 3308 hostium
1014 3243 1168 3329 ignoratio

138 3350 166 3405 et
186 3341 306 3406 montis
329 3341 472 3406 anfractu
492 3340 696 3428 repercussae
718 3340 804 3404 velut
826 3363 846 3404 a
860 3347 951 3425 tergo
972 3359 1067 3402 voces
1089 3335 1168 3402 adeo

137 3445 250 3500 cuncta
268 3436 458 3501 miscuerant
479 3446 514 3500 ut
531 3436 687 3520 quaedam
708 3433 902 3499 munimenta
919 3431 1054 3500 Romani
1076 3432 1168 3516 quasi

135 3539 285 3614 perrupta
299 3531 468 3611 omiserint
491 3551 593 3614 neque
611 3539 715 3594 tamen
726 3551 892 3615 pervasere
910 3528 1016 3594 hostes
1033 3527 1095 3592 nisi
1113 3528 1168 3592 ad-

135 3624 266 3688 modum
283 3625 390 3709 pauoi:
414 3633 548 3701 ceteros,
572 3623 692 3692 deiecto
714 3624 947 3709 promptissimo
970 3643 1096 3707 quoque
1114 3630 1168 3685 aut

136 3718 258 3796 saucio,
277 3718 443 3803 adpetente
459 3720 524 3784 iarn
540 3719 610 3784 luce
628 3728 747 3784 trusere
763 3720 797 3782 in
815 3740 938 3783 summa
955 3715 1089 3790 castelli,
1112 3713 1168 3777 ubi

135 3813 265 3876 tandem
287 3823 397 3878 coacta
418 3813 550 3892 dediti03
577 3822 609 3878 et
624 3813 771 3898 proxima
794 3819 904 3896 sponte
925 3808 1099 3873 incolarum
1119 3827 1168 3869 re-

136 3916 241 3991 cepta:
269 3907 413 3991 reliquis,
441 3931 503 3992 quo
530 3907 633 3972 minus
655 3907 688 3972 vi
710 3914 764 3970 aut
790 3903 912 3970 obsidio
939 3899 1166 3985 subigerentur,

135 4009 335 4086 praematura
351 4004 466 4069 montis
484 4003 601 4068 Haemi
619 4011 650 4065 et
668 4015 764 4064 saeva
779 3997 902 4081 hiemps
922 3993 1076 4059 subvenit.
1126 4033 1129 4036 -

199 4094 247 4160 At
265 4097 387 4162 Romae
409 4107 565 4164 commota
586 4092 736 4181 principis
759 4091 866 4168 domo,
894 4097 930 4153 ut
952 4088 1048 4153 series
1070 4087 1167 4152 futuri
1185 4108 1216 4156 52

135 4189 167 4253 in
184 4188 397 4276 Agrippinam
421 4192 506 4258 exitii
524 4190 687 4274 inciperet,
705 4185 846 4251 ⁸Claudia
866 4177 1017 4262 Pulchra,
1042 4181 1167 4248 sobrina
