2960 4962
344 435 385 502 98
690 441 875 508 CORNELII
889 439 1017 496 TAClTl

1259 544 1315 574 a.n.
1327 536 1383 575 774.

224 669 228 676 .
342 603 521 672 Ancharius
539 601 668 668 Priscus
684 599 833 666 Caesium
852 597 1002 677 Cordum,
1020 621 1077 685 pro
1095 601 1223 666 consule
1244 599 1382 680 Cretae,

341 699 554 787 postulaverat
578 695 758 782 repetundis
784 695 890 760 addito
916 694 1087 759 maiestatis
1113 695 1255 772 crimine,
1285 698 1384 780 quod

342 805 409 860 tum
434 792 574 860 omnium
600 789 833 856 accusationum
855 788 1117 874 complementum
1140 799 1215 854 erat
1249 787 1382 856 Caesar

341 887 517 954 Antistium
535 885 683 952 Veterem
704 907 722 948 e
742 884 930 969 primoribus
948 883 1168 962 Macedoniae,
1188 884 1381 951 absolutum

342 981 495 1059 adulterii,
513 979 672 1066 increpitis
690 978 845 1046 iudicibus
863 978 904 1044 ad
922 978 1086 1044 dicendam
1103 979 1277 1044 maiestatis
1297 1003 1381 1044 cau-

343 1099 412 1144 sam
432 1075 561 1142 retraxit
582 1084 617 1140 ut
639 1073 798 1139 turbidum
815 1083 846 1138 et
866 1072 1113 1158 Rhescuporidis
1136 1073 1275 1139 consiliis
1299 1097 1380 1160 per-

341 1173 488 1248 mixtum,
511 1193 574 1254 qua
591 1177 775 1254 tempestate
795 1167 895 1253 Cotye
915 1165 1039 1254 [fratre]
1063 1168 1227 1234 interfecto
1250 1169 1377 1234 bellum

341 1267 491 1330 aduersus
505 1286 562 1330 nos
576 1263 716 1330 volverat
721 1288 730 1341 ;
748 1262 843 1348 igitur
855 1283 938 1345 aqua
955 1271 987 1327 et
1003 1261 1070 1348 igni
1086 1261 1285 1328 interdictum
1302 1285 1376 1340 reo,

341 1359 581 1445 adpositumque
603 1367 638 1423 ut
660 1367 816 1422 teneretur
836 1357 939 1421 insula
960 1377 1062 1442 neque
1083 1355 1291 1424 Macedoniae
1313 1380 1376 1424 ne-

340 1475 401 1536 que
419 1452 572 1518 Threciae
590 1459 773 1536 opportuna.

354 1583 358 1592 ·
402 1545 484 1610 Nam
503 1544 638 1610 Threcia
659 1545 761 1610 diviso
777 1544 908 1630 imperio
929 1545 962 1610 in
979 1543 1224 1610 Rhoemetalcen
1241 1554 1273 1610 et
1290 1543 1373 1612 libe-

339 1661 389 1704 ros
409 1637 531 1724 Cotyis,
549 1638 620 1721 quis
638 1637 680 1704 ob
697 1638 862 1704 infantiam
880 1647 963 1706 tutor
980 1647 1047 1704 erat
1064 1637 1281 1704 Trebellianus
1301 1638 1373 1705 Ru-

339 1732 404 1811 fus,
427 1732 593 1798 insolentia
613 1733 712 1797 nostri
734 1733 854 1799 discors
876 1733 990 1820 agebat
1011 1755 1113 1817 neque
1135 1733 1238 1798 minus
1260 1733 1373 1800 Rhoe-

339 1827 491 1894 metalcen
504 1848 600 1910 quam
612 1825 845 1892 Trebellianum
862 1828 1009 1894 incusans
1022 1827 1220 1913 popularium
1237 1827 1370 1892 iniurias

338 1923 454 1988 inultas
474 1922 585 1988 sinere.
610 1919 789 1987 Coelaletae
808 1919 1016 2007 Odrysaeque
1034 1931 1066 1988 et
1081 1921 1152 1999 Dii,
1170 1921 1295 1988 validae
1313 1945 1371 1987 na

339 2017 455 2096 tiones,
477 2039 565 2082 arma
586 2037 711 2104 cepere,
738 2015 871 2084 ducibus
889 2016 1021 2082 diversis
1040 2025 1071 2081 et
1086 2014 1216 2101 paribus
1234 2014 1316 2080 inter
1334 2039 1370 2082 se

338 2133 395 2197 per
411 2111 653 2199 ignobilitatem
676 2129 757 2194 quae
775 2132 871 2175 causa
887 2109 948 2174 fuit
964 2131 1005 2176 ne
1022 2109 1055 2174 in
1072 2107 1190 2176 bellum
1207 2118 1299 2176 atrox
1317 2131 1370 2176 co-

339 2204 523 2272 alescerent:
542 2228 615 2291 pars
634 2203 759 2271 turbant
775 2204 961 2289 praesentia,
980 2203 1032 2268 alii
1049 2213 1188 2270 montem
1204 2202 1369 2270 Haemum

338 2300 609 2385 transgrediuntur
625 2307 660 2362 ut
675 2307 813 2363 remotos
834 2298 967 2384 populos
991 2298 1162 2376 concirent3
1184 2297 1313 2384 plurimi
1331 2320 1369 2362 ac

338 2393 474 2458 maxime
491 2391 656 2477 compositi
673 2413 781 2478 regem
799 2391 971 2476 urbemque
983 2391 1237 2478 Philippopolim,
1256 2415 1278 2457 a
1293 2391 1369 2456 Ma·

287 2505 318 2554 39
339 2487 456 2552 cedone
478 2485 627 2571 Philippo
653 2486 759 2563 sitam,
792 2486 1024 2552 circumsidunt.
1056 2508 1137 2572 quae
1158 2485 1213 2552 ubi
1240 2487 1369 2574 cognita

336 2578 374 2645 P.
393 2579 524 2644 Vellaeo
538 2617 579 2628 -—
597 2573 625 2645 is
642 2579 821 2665 proximum
839 2580 1010 2646 exercitum
1026 2579 1225 2667 praesidebat
1241 2619 1284 2628 -
1303 2580 1369 2646 ala-

335 2674 398 2740 rios
422 2673 542 2757 equites
565 2695 602 2738 ac
619 2672 698 2738 levis
721 2673 894 2740 cohortium
918 2675 1012 2740 mittit
1031 2675 1136 2742 ineos
1158 2675 1213 2759 qui
1233 2675 1369 2760 praeda-

335 2767 434 2834 bundi
451 2777 506 2832 aut
523 2767 724 2834 adsumendis
743 2768 867 2832 auxiliis
886 2767 1094 2855 vagabantur,
1112 2769 1180 2855 ipse
1197 2769 1294 2835 robur
1311 2792 1369 2855 pe-

335 2861 436 2927 ditum
457 2862 499 2928 ad
521 2862 748 2929 exsolvendum
770 2861 927 2928 obsidium
949 2862 1048 2942 ducit,
1076 2863 1230 2947 simulque
1253 2873 1368 2928 cuncta

334 2979 484 3043 prospere
510 2966 594 3036 acta,
625 2956 726 3024 caesis
756 2955 993 3043 populatoribus
1019 2966 1051 3024 et
1076 2957 1271 3023 dissensione
1298 2969 1368 3024 orto

336 3053 421 3138 apud
437 3051 617 3120 obsidentes
635 3051 782 3139 regisque
803 3063 979 3138 opportuna
1000 3052 1162 3138 eruptione
1179 3061 1211 3118 et
1228 3052 1368 3118 adventu

334 3145 481 3234 legionis:
504 3169 606 3231 neque
628 3147 728 3214 aciem
750 3156 805 3212 aut
821 3147 974 3233 proelium
995 3146 1058 3212 dici
1075 3145 1227 3223 decuerit,
1250 3145 1367 3230 inquo

336 3241 481 3306 semermi
499 3263 536 3306 ac
552 3241 694 3326 palantes
714 3241 858 3306 trucidati
876 3251 950 3308 sunt
967 3240 1034 3306 sine
1051 3249 1159 3306 nostro
1177 3239 1342 3326 sanguine.

265 3383 269 3392 .
284 3353 316 3400 40
398 3334 522 3400 Eodem
536 3355 618 3398 anno
629 3331 803 3400 Galliarum
812 3334 954 3400 civitates
968 3333 1009 3400 ob
1022 3333 1270 3420 magnitudinem
1283 3333 1365 3400 aeris

273 3489 275 3495 ,
334 3423 427 3488 alieni
451 3424 653 3490 rebellionem
676 3437 875 3512 coeptavere,
902 3427 991 3494 cuius
1015 3427 1231 3495 exstimulator
1252 3429 1367 3494 aceni-

334 3539 404 3584 mus
431 3517 512 3584 inter
537 3517 692 3584 Treveros
715 3519 815 3586 Iulius
838 3521 966 3600 Florus,
992 3522 1079 3608 apud
1104 3519 1235 3588 Aeduos
1262 3521 1365 3588 Iulius

335 3609 490 3679 Sacrovir.
513 3609 659 3678 nobilitas
672 3612 825 3679 ambobus
840 3623 872 3680 et
889 3616 1042 3682 maiorum
1055 3616 1138 3683 bona
1151 3615 1244 3692 facta,
1263 3636 1366 3700 eoque

333 3705 478 3774 Romana
494 3705 604 3772 civitas
626 3705 702 3772 olim
719 3706 806 3784 data,
831 3729 903 3774 cum
920 3709 953 3774 id
970 3733 1076 3776 rarum
1096 3731 1155 3776 nec
1172 3709 1235 3775 nisi
1255 3709 1366 3774 virtuti

333 3801 468 3887 pretium
488 3810 586 3868 esset:
612 3801 636 3866 ii
658 3800 785 3867 secretis
808 3802 996 3887 conloquiis,
1019 3803 1215 3870 ferocissimo
1237 3825 1365 3888 quoque

333 3885 499 3982 amumpto
521 3905 576 3962 aut
597 3894 712 3980 quibus
730 3894 771 3960 ob
794 3905 967 3982 egestatem
984 3919 1022 3964 ac
1038 3907 1158 3964 metum
1179 3919 1219 3962 ex
1235 3896 1365 3983 flagitiis

332 3990 470 4055 maxima
486 3990 637 4076 peccandi
655 3988 868 4069 necessitudo,
893 4000 1085 4076 componunt
1100 3991 1214 4058 Florus
1233 3990 1364 4076 Belgas,

334 4080 481 4148 Sacrovir
497 4085 658 4170 propiores
678 4081 789 4151 Gallos
807 4083 945 4164 concire;
966 4085 1062 4172 igitur
1082 4106 1140 4171 per
1156 4084 1365 4152 conciliabula

331 4185 364 4241 et
386 4186 493 4242 coetus
520 4178 668 4244 seditiosa
694 4178 889 4246 disserebant
911 4179 951 4246 de
973 4178 1205 4246 continuatione
1231 4177 1363 4244 tributo-
