3020 4958
320 447 384 514 3l2
670 453 854 514 CORNELII
867 451 998 509 'PACITI

1238 553 1259 584 ι.
1270 555 1291 585 n.
1301 547 1352 586 818.

317 616 463 705 plectitur
479 635 624 691 uxorem,
652 623 683 677 et
704 612 867 698 paululum
892 612 1043 677 adversus
1064 621 1263 697 praesentem
1284 614 1351 678 for-

318 723 427 776 tunam
440 709 578 774 mollitus
596 716 687 794 roget
705 717 834 790 oratque
851 716 1024 792 temperare
1042 706 1142 771 dolori
1159 729 1230 772 aava
1247 718 1350 772 aeter-

317 828 394 871 num
413 803 594 888 susciperet,
623 803 678 867 sed
695 802 729 866 in
746 801 1006 887 contemplatione
1025 801 1107 865 vitae
1124 823 1182 886 per
1198 802 1349 866 virtutem

319 908 406 964 actae
415 897 604 962 desiderium
612 895 715 961 mariti
725 895 843 960 solatiis
853 894 993 960 honestis
1003 895 1157 959 toleraret.
1176 894 1230 959 illa
1238 905 1349 960 contra

320 993 380 1059 sibi
397 1013 520 1077 quoque
534 991 720 1057 destinatam
737 998 870 1054 mortem
887 989 1052 1054 adseverat
1068 1011 1259 1073 manumque
1275 1012 1350 1074 per-

319 1087 456 1152 cussoris
475 1085 625 1171 exposcit.
653 1095 720 1148 tum
740 1081 863 1150 Seneca
879 1083 998 1170 gloriae
1016 1084 1083 1148 eius
1101 1107 1165 1149 non
1182 1085 1347 1161 adversus,

319 1181 413 1246 simul
430 1201 549 1256 amore,
571 1201 612 1243 ne
631 1178 692 1244 sibi
713 1179 805 1242 unice
822 1178 969 1243 dilectam
987 1178 1028 1242 ad
1044 1177 1172 1243 iniurias
1190 1177 1350 1262 relinque-

318 1286 379 1355 ret,
413 1275 534 1355 „vitae“
561 1273 662 1357 inquit
691 1273 918 1353 „delenimenta
939 1281 1186 1337 monstraveram
1209 1272 1281 1350 tibi,
1313 1281 1350 1336 tu

319 1370 427 1434 mortis
441 1370 538 1434 decus
555 1368 670 1432 mavis:
689 1390 753 1432 non
769 1367 916 1432 invidebo
934 1368 1092 1454 exempl03
1112 1368 1152 1432 sit
1169 1366 1263 1431 huius
1281 1377 1349 1432 tam

248 1460 256 1472 '
318 1463 408 1528 sortis
435 1463 537 1527 exitus
564 1461 740 1554 constantia
764 1483 861 1546 penes
884 1471 1033 1545 utrosque
1055 1484 1125 1547 par,
1152 1460 1348 1526 claritudinis

316 1557 389 1641 plus
407 1557 440 1620 in
458 1564 512 1620 tuo
529 1555 622 1619 line.“
642 1564 714 1640 post
731 1578 812 1639 quae
830 1557 941 1621 eodem
964 1556 1028 1621 ictu
1046 1555 1172 1621 brachia
1189 1554 1273 1619 ferro
1292 1576 1349 1618 ex-

318 1650 453 1714 solvunt.
482 1647 619 1726 Seneca,
646 1650 794 1732 quoniam
822 1650 920 1716 senile
947 1673 1059 1736 corpus
1086 1659 1118 1714 et
1141 1671 1237 1734 parco
1259 1649 1349 1714 victu

317 1755 480 1809 tenuatum
501 1743 587 1808 lenta
609 1744 728 1831 effugia
750 1746 896 1830 sanguini
913 1745 1097 1832 praebebat,
1125 1767 1250 1810 crurum
1268 1766 1349 1828 quo-

317 1860 379 1922 qne
405 1847 436 1903 et
461 1838 614 1923 poplitum
640 1861 737 1904 venas
765 1839 936 1925 abrumpit,
965 1839 1130 1924 saevisque
1156 1838 1348 1904 cruciatibus

318 1931 477 2009 defessus,
500 1953 540 1996 ne
558 1932 664 1997 dolore
683 1955 741 1997 suo
764 1933 904 1997 animum
922 1933 1028 1998 uxoris
1050 1933 1234 2020 infringeret
1250 1941 1349 2015 atque

318 2030 387 2114 ipse
409 2026 540 2091 visendo
563 2027 630 2092 eius
657 2036 811 2093 tormenta
832 2027 873 2092 ad
898 2027 1113 2113 inpatientiam
1139 2025 1347 2104 delaberetur,

320 2123 431 2188 suadet
448 2123 481 2187 in
498 2121 584 2189 aliud
601 2121 780 2188 cubiculum
793 2122 971 2188 abscedere.
991 2131 1022 2187 et
1034 2122 1206 2187 novissimo
1220 2144 1349 2206 quoque

319 2226 477 2283 momento
505 2217 723 2303 suppeditante
749 2217 925 2301 eloquentia
954 2216 1115 2282 advocatis
1142 2216 1348 2302 scriptoribus

318 2313 467 2398 pleraque
485 2312 626 2390 tradidit,
649 2333 730 2396 quae
752 2313 785 2375 in
802 2311 916 2399 vulgus
935 2311 1019 2377 edita
1035 2312 1103 2377 eius
1122 2311 1225 2377 verbis
1243 2311 1350 2376 inver-

320 2417 384 2471 tere
403 2405 603 2492 supersedeo.

269 2522 300 2569 or
382 2498 430 2563 At
441 2499 525 2563 Nero
543 2499 629 2563 nullo
646 2500 680 2564 in
692 2500 859 2566 Paulinam
876 2502 1003 2587 proprio
1021 2502 1102 2580 odio,
1122 2524 1158 2566 ac
1175 2524 1215 2566 ne
1233 2501 1350 2587 glisce-

317 2603 365 2656 ret
382 2592 499 2655 invidia
517 2592 717 2670 crudelitatis,
736 2596 817 2658 iubet
833 2595 968 2660 inhiberi
986 2605 1126 2661 mortem.
1150 2593 1348 2660 hortantibus

318 2683 468 2749 militibus
493 2686 574 2749 servi
596 2685 760 2769 libertique
783 2687 924 2774 obligant
946 2689 1086 2768 brachia,
1109 2699 1256 2775 premunt
1274 2712 1351 2753 san-

317 2780 455 2866 guinem,
474 2779 627 2845 incertum
645 2803 685 2843 an
703 2780 845 2866 ignarae3
863 2807 947 2862 nam,
958 2795 1002 2849 ut
1019 2795 1067 2850 est
1079 2786 1193 2871 vulgus
1207 2785 1248 2848 ad
1261 2784 1351 2848 dete-

318 2875 399 2940 riora
416 2885 611 2961 promptum,
636 2899 699 2941 non
718 2877 846 2943 defuere
862 2879 918 2962 qui
936 2881 1110 2958 crederent,
1130 2881 1229 2944 donec
1247 2879 1351 2964 inpla-

320 2967 453 3034 cabilem
474 2969 632 3035 Neronem
655 2971 805 3048 timuerit,
832 2972 950 3037 famam
974 2974 1111 3039 sociatae
1137 2995 1209 3038 cum
1234 2973 1350 3038 marito

319 3063 428 3129 mortis
454 3064 619 3150 petivisse,
645 3064 758 3129 deinde
780 3064 885 3131 oblata
906 3067 1029 3133 mitiore
1052 3090 1107 3153 spe
1124 3067 1349 3133 blandimentis

319 3159 403 3224 vitae
421 3159 568 3238 evictam3
587 3159 638 3225 cui
655 3159 775 3224 addidit
792 3163 910 3244 pauco‘s
928 3171 1039 3246 postea
1056 3185 1168 3238 annos,
1195 3158 1350 3225 laudabili

320 3253 353 3316 in
371 3253 517 3318 maritum
535 3254 684 3318 memoria
706 3263 738 3318 et
755 3276 807 3320 ore
830 3278 867 3319 ac
885 3254 1033 3320 membris
1051 3257 1084 3320 in
1106 3278 1177 3321 eum
1194 3254 1350 3341 pallorem

320 3345 511 3423 albentibus,
535 3356 570 3411 ut
591 3348 728 3412 ostentui
750 3358 834 3416 esset
851 3349 984 3414 multum
1002 3350 1105 3415 vitalis
1128 3349 1254 3434 spiritus
1272 3369 1351 3433 ege-

321 3448 413 3501 stum.
434 3435 557 3503 Seneca
572 3441 710 3519 interim,
739 3442 870 3508 durante
893 3454 994 3510 tractu
1017 3455 1048 3510 et
1063 3445 1247 3510 lentitudine
1264 3465 1351 3508 mor-

319 3531 370 3608 tis,
391 3529 527 3596 Statium
544 3530 723 3611 Annaeum,
746 3537 802 3601 diu
820 3537 879 3603 sibi
898 3540 1051 3604 amicitiae
1069 3539 1130 3604 fide
1149 3547 1180 3603 et
1197 3547 1263 3602 arte
1280 3559 1350 3601 me-

320 3626 442 3691 dicinae
459 3624 637 3711 probatum,
664 3637 745 3706 orat,
772 3632 934 3715 provisum
951 3633 1073 3718 pridem
1090 3655 1260 3709 venenum,
1282 3651 1349 3715 quo

320 3721 460 3786 damnati
471 3720 598 3808 publico
607 3720 849 3790 Atheniensium
862 3726 977 3794 iudicio
992 3728 1256 3815 extinguerentur,
1274 3749 1350 3813 pro-

320 3825 433 3892 meret,
460 3815 660 3902 adlatumque
678 3817 783 3884 hausit
804 3819 933 3899 frustra,
961 3822 1096 3909 frigidus
1118 3823 1182 3886 iam
1208 3829 1293 3886 artus
1317 3829 1349 3884 et

321 3908 409 3974 cluso
432 3931 560 3994 corpore
586 3913 753 3978 adversum
778 3914 843 3980 vim
865 3916 987 3982 veneni.
1013 3925 1174 4002 postremo
1201 3923 1349 4002 stagnum

323 4003 442 4068 calidae
460 4025 560 4088 aquae
578 4006 708 4085 introiit,
730 4031 916 4096 respergens
935 4013 1094 4096 proximos
1113 4033 1274 4076 servorum
1292 4008 1350 4072 ad·

321 4094 387 4159 dita
404 4119 495 4174 voce,
523 4099 620 4164 libare
639 4124 673 4166 ae
694 4101 846 4186 liquorem
868 4104 956 4170 illum
973 4105 1043 4173 Iovi
1065 4103 1232 4171 liberatori.
1263 4101 1348 4167 exim

321 4184 433 4253 balneo
450 4190 566 4258 inlatus
584 4202 615 4258 et
632 4217 748 4280 vapore
762 4198 829 4264 eius
844 4200 1049 4280 exanimatus,
1069 4201 1136 4266 sine
1150 4197 1214 4264 ullo
1228 4195 1348 4262 funeris
