2958 4960
331 461 373 542 82
677 468 861 528 conunnu
874 467 1006 526 rncrrr

330 641 361 698 et
377 629 520 718 proxima
532 628 636 705 maris,
656 627 712 694 scd
725 625 849 692 moenia
866 647 903 692 ac
921 635 1012 706 tecta,
1031 648 1154 712 quaque
1172 559 1369 715 longisiinlile·

329 723 521 814 prospectari
538 731 669 809 poterat,
687 721 893 787 maerentium
906 721 998 788 turba
1015 731 1045 786 et
1062 723 1267 808 rogitantium
1282 723 1370 788 inter

331 843 379 898 se,
403 819 566 884 silentione
585 839 626 882 an
642 837 719 881 voce
737 815 841 900 aliqua
859 815 1070 902 egredientem
1088 816 1287 901 exciperent3
1311 839 1371 880 ne-

330 935 392 998 que
415 912 491 978 satis
513 908 678 977 constabat
699 909 775 992 quid
795 931 853 994 pro
875 919 1015 995 tempore
1037 909 1132 987 foret,
1155 932 1228 974 oum
1247 909 1368 974 classis

329 1007 480 1094 paulatim
502 1004 666 1081 successit,
693 1026 756 1068 non
778 1002 886 1080 alacri,
913 1013 948 1069 ut
970 1003 1104 1081 adsolet,
1131 1003 1282 1091 remigio,
1309 1004 1370 1069 sed

330 1101 450 1166 cunctis
464 1099 504 1164 ad
517 1097 673 1164 tristitiam
691 1096 882 1181 compositis.
903 1106 1072 1182 postquam
1089 1097 1212 1164 duobus
1232 1120 1310 1162 oum
1331 1097 1370 1160 li-

330 1194 427 1271 beris,
450 1191 579 1258 feralem
596 1213 708 1255 urnam
725 1199 849 1269 tenens,
873 1211 1001 1276 egressa
1018 1189 1091 1256 navi
1112 1190 1221 1256 defixit
1238 1191 1367 1265 oculos,

330 1287 415 1354 idem'
431 1285 570 1351 omnium
588 1284 737 1372 gemitus3
755 1305 857 1368 neque
875 1284 1067 1350 discerneres
1086 1284 1262 1370 proximos,
1288 1284 1370 1348 alie·

329 1404 402 1458 nos,
420 1380 557 1444 virorum
575 1378 801 1444 feminarumve
818 1377 975 1463 plauctus,
994 1378 1056 1444 nisi
1073 1379 1159 1462 quod
1176 1379 1368 1444 comitatum

329 1473 525 1560 Agrippinae
541 1471 638 1558 longo
651 1493 791 1536 maerore
808 1471 929 1537 fessum
942 1471 1028 1538 obvii
1045 1481 1076 1537 et
1093 1481 1235 1538 recentes
1253 1472 1290 1536 in
1309 1472 1368 1537 do-

329 1567 394 1631 lore
413 1565 581 1630 anteibant.

297 1681 312 1732 a
393 1658 527 1724 Miserat
552 1658 631 1724 duas
657 1658 829 1744 praetorias
856 1659 999 1728 cohortes
1032 1657 1164 1736 Caesar,
1191 1659 1303 1724 addito
1330 1667 1368 1722 ut

329 1752 530 1840 magistratus
545 1751 709 1818 Calabriae
722 1750 884 1838 Apulique
902 1762 933 1818 et
947 1751 1102 1838 Campani
1120 1775 1266 1839 suprema
1286 1775 1367 1839 erga

329 1845 512 1912 memoriam
529 1845 586 1912 filii
608 1845 657 1911 sui
667 1868 797 1912 munera
808 1844 1026 1932 fungerentur3
1049 1846 1145 1933 igitur
1162 1846 1365 1912 tribunonrm

330 1939 607 2023 centurionumque
619 1939 757 2004 humeris
767 1938 1116 2027 cineres,portabantur;
1130 1939 1365 2026 praecedebant

329 2035 488 2119 incompta
506 2033 605 2120 signa,
624 2032 707 2098 versi
724 2032 842 2111 fasces3
861 2042 954 2115 atque
971 2032 1027 2098 ubi
1045 2034 1182 2099 colonias
1201 2043 1365 2120 transgre-

330 2129 489 2205 derentur,
516 2136 616 2192 atrata
636 2125 751 2212 plebis,
779 2125 910 2191 trabeati
932 2127 1052 2210 equites
1075 2150 1132 2212 pro
1159 2127 1271 2213 opibus
1300 2126 1364 2192 loci

330 2233 460 2300 vestem,
474 2221 585 2288 odores
595 2220 717 2304 aliaque
725 2220 871 2284 funerum
885 2219 1047 2286 sollemnia
1056 2220 1249 2299 cremabant;
1264 2222 1363 2286 etiam

330 2338 463 2398 quorum
475 2315 600 2379 diversa
613 2314 737 2399 oppida,
757 2323 860 2378 tamen
873 2313 958 2379 obvii
975 2324 1007 2379 ct
1023 2315 1166 2380 victimas
1180 2326 1273 2399 atque
1287 2337 1361 2379 aras

330 2409 379 2472 dis
396 2406 547 2472 Manibus
566 2415 737 2472 statuentes
754 2406 889 2473 lacrimis
908 2417 940 2472 et
927 2408 1252 2474 tconolamationibus
1270 2409 1362 2474 dolo-

330 2509 426 2564 remt
414 2499 616 2565 t.estabantur
644 2499 771 2566 Drusus
791 2500 993 2566 Tarracinam
1014 2525 1201 2612 progressus
1220 2512 1268 2568 cst
1286 2525 1361 2566 cum

332 2593 466 2659 Claudio
487 2593 583 2658 fratre
605 2593 773 2678 liberisque
793 2591 972 2661 Germanici
994 2597 1049 2680 qui
1070 2597 1104 2661 in
1125 2597 1203 2662 urbe
1223 2596 1361 2660 fuerant.

330 2687 475 2752 consules
492 2685 540 2751 M
558 2685 712 2752 Varamos
731 2698 762 2752 et
778 2690 824 2754 M.
843 2688 1058 2755 Aurramus—
1085 2689 1150 2754 iam
1180 2689 1263 2752 enim
1289 2712 1361 2752 ma-

330 2781 497 2868 gistratum
514 2791 759 2868 acceperant-
716 2792 808 2847 -et
826 2792 953 2859 senatus
972 2807 1009 2849 ac
1026 2807 1142 2870 magna
1159 2807 1231 2870 pars
1249 2782 1362 2869 populi

330 2877 414 2940 viam
440 2876 649 2962 complevere,
680 2878 802 2944 disiecti
828 2889 859 2944 et
887 2891 922 2946 ut
948 2881 1059 2965 cuique
1085 2882 1208 2947 libitum
1234 2881 1363 2956 flentes3

331 2970 439 3036 aberat
464 2971 580 3058 quippe
606 2972 757 3051 adulati0‚
785 2973 892 3062 gnaris
920 2975 1065 3041 omnibus
1091 2976 1205 3042 laetam
1232 2976 1362 3043 Tiberio

332 3064 511 3132 Germanici
529 3076 661 3134 mortem
680 3069 761 3134 mals
779 3069 977 3136 dissimulari.

252 3199 255 3206 ·
298 3182 313 3230 3
396 3160 542 3227 Tiberius
564 3172 658 3246 atqrre
683 3162 833 3250 Augusta
858 3163 984 3250 publico
1011 3164 1202 3244 abstinuere,
1229 3165 1362 3231 inferius

331 3255 494 3319 maiestate
512 3278 569 3320 sua
586 3257 653 3334 rati,
673 3281 700 3322 ιι
690 3258 822 3342 palam
838 3258 1090 3337 lamentarentur,
1109 3282 1150 3324 an
1166 3282 1206 3324 ne
1221 3259 1361 3324 omnium

332 3348 430 3412 oculis
444 3348 564 3412 vultum
578 3371 686 3415 eorum
700 3352 909 3418 scrutantibus
924 3351 995 3418 falsi
1008 3353 1270 3442 intellegerentur.
1294 3377 1363 3419 nra-

331 3449 408 3503 trem
423 3437 595 3504 Antoniam
607 3463 672 3506 non
687 3445 771 3528 apud
784 3455 927 3512 auctores
941 3470 1055 3524 rerum,
1074 3469 1138 3512 non
1151 3448 1263 3512 diurna
1276 3457 1363 3510 acto-

330 3553 400 3594 rum
427 3532 579 3617 soriptura
604 3536 725 3619 reperio
752 3535 847 3602 ullo'
838 3539 955 3626 rnsigni
978 3541 1082 3606 officio
1105 3540 1260 3617 functam,
1288 3561 1363 3604 curn

332 3647 426 3712 super
442 3625 653 3737 Agrippinam
676 3639 708 3694 et
695 3629 869 3697 tDrusum
887 3643 918 3699 et
937 3633 1106 3700 Claudium
1124 3635 1219 3700 ceteri
1237 3655 1362 3719 quoque

331 3721 746 3808 consanguineinominatim
759 3728 923 3813 perscripti
934 3730 1005 3806 sint,
1021 3729 1258 3794 seuvalitudine
1271 3751 1364 3813 prae-

331 3816 528 3901 pediebatur,
557 3839 613 3883 scu
637 3819 736 3886 victus
758 3821 846 3886 luctu
872 3823 994 3888 animus
1017 3823 1264 3909 magnitudinem
1287 3821 1362 3886 mali

328 3911 487 3996 praeferre
509 3913 580 3978 visu
605 3935 669 3980 non
695 3915 851 3981 toleravit:
878 3916 1001 3982 facilius
1025 3917 1211 3982 crediderim
1233 3915 1362 3980 Tiberio

334 4013 366 4068 et
386 4004 565 4092 Augustae,
591 4009 647 4093 qui
672 4008 766 4076 domo
791 4034 855 4076 ιιοιι
881 4010 1089 4090 excedebant,
1116 4010 1300 4086 cohibitam,
1328 4017 1363 4072 ut

333 4120 392 4184 par
407 4123 530 4167 maeror
547 4112 577 4168 et
594 4105 702 4171 matris
725 4106 869 4192 exemplo
887 4106 958 4171 avia
975 4127 1100 4191 quoque
1118 4113 1149 4169 et
1166 4111 1296 4189 patruus
1315 4112 1362 4167 at-

335 4190 424 4256 tineri
444 4195 630 4264 viderentur.
