3020 4958
419 470 626 531 ANNALIUM
643 473 719 528 LIB.
734 473 797 529 XV.
817 473 935 528 tlt-67.
1124 461 1188 526 313

155 577 178 616 p.
190 565 232 622 cp.
242 565 275 604 es.

156 632 302 699 sollemni
321 639 490 696 crematur:
508 630 553 696 ita
570 631 719 696 codicillis
736 632 988 716 praescripserat,
1008 639 1080 698 ctrm
1094 633 1188 698 etiam

155 738 225 791 tum
241 725 409 812 praedives
427 735 458 788 et
474 735 662 810 praepotens
681 725 835 809 supremis
854 725 919 790 suis
938 727 1123 791 consuleret.

219 821 324 887 Fama
341 819 401 884 fuit
411 816 561 886 Subrium
573 819 708 884 Flavum
726 841 798 884 cum
816 819 1048 886 centurionibus
1066 822 1187 886 occulto
1206 843 1238 889 en

154 916 291 982 consilio
316 936 419 997 neque
446 924 550 979 tamen
573 915 738 1001 ignorante
762 912 885 1009 §coeca
906 915 1127 993 destinavisse,
1154 926 1189 980 ut

154 1021 230 1096 post
252 1010 393 1075 occisum
415 1031 512 1094 opera
528 1007 655 1074 Pisonis
673 1009 832 1074 Neronem
853 1009 930 1075 Piso
952 1031 1076 1093 quoque
1093 1009 1188 1075 inter-

154 1106 303 1169 ficeretur
316 1103 550 1186 tradereturque
562 1103 728 1188 imperium
740 1100 889 1180 Senecae,
908 1104 1000 1188 quasi
1011 1103 1187 1168 insontibus

155 1199 342 1264 claritudine
360 1197 510 1262 virtutum
528 1197 569 1262 ad
587 1220 744 1262 summum
767 1197 928 1284 fastigium
951 1199 1085 1276 delect03
1112 1198 1188 1282 quin

156 1304 190 1360 et
206 1293 305 1359 verba
312 1292 404 1356 Flavi
417 1291 637 1378 vulgabantur,
656 1314 720 1356 non
732 1292 848 1356 referre
861 1293 1030 1368 dedecoris,
1050 1292 1078 1356 si
1091 1292 1188 1356 eitha-

156 1388 273 1454 roedus
292 1387 510 1451 demoveretur
527 1396 559 1450 et
576 1387 744 1473 tragoedus
763 1387 952 1465 succederet,
971 1387 1045 1470 quia
1057 1396 1093 1450 ut
1104 1386 1188 1451 Nero

158 1483 289 1559 eithara,
307 1481 352 1545 ita
368 1478 445 1545 Piso
463 1481 581 1567 tragico
600 1490 712 1546 ornatu
730 1481 870 1546 canebat.

121 1621 131 1640 -.
225 1574 375 1641 Ceterum
393 1575 534 1640 militaris
553 1597 678 1659 quoque
692 1574 881 1660 conspiratio
894 1599 957 1641 non
972 1576 1053 1641 ultra
1066 1574 1185 1652 fefellit,
1206 1597 1237 1643 66

158 1668 301 1736 accensis
322 1666 476 1755 [quoque]
500 1668 657 1734 indicibus
675 1669 715 1734 ad
737 1670 932 1754 prodendum
949 1670 1103 1735 Faenium
1122 1669 1188 1734 Ru-

158 1765 238 1840 fum,
257 1783 352 1847 quem
370 1763 503 1828 eundem
521 1764 682 1828 conscium
705 1774 735 1828 ct
756 1764 971 1847 inquisitorem
992 1787 1056 1829 non
1078 1764 1189 1829 tolera·

159 1858 246 1924 bant.
265 1879 341 1943 ergo
358 1857 487 1922 instanti
503 1857 720 1941 minitantique
738 1858 882 1922 renidens
899 1856 1072 1923 Scaevinus
1089 1858 1188 1923 nemi-

156 1975 231 2020 nem
250 1953 294 2016 ait
310 1951 400 2036 plura
416 1951 497 2016 scire
514 1973 610 2035 quam
622 1952 736 2037 ipsum,
755 1951 956 2034 hortaturque
970 1951 1059 2028 ultro,
1078 1951 1189 2016 redde-

158 2056 207 2112 ret
224 2055 291 2110 tam
308 2045 390 2110 bono
402 2046 536 2131 principi
550 2046 660 2112 vicem.
678 2069 743 2110 non
755 2068 818 2110 vox
831 2046 999 2110 adversum
1013 2044 1186 2121 eaFaenio,

158 2163 223 2206 nou
241 2139 408 2216 silentium,
428 2140 484 2204 sed
501 2140 598 2205 verba
616 2163 674 2206 sue
694 2139 900 2226 praepediens
922 2148 953 2204 et
974 2139 1099 2224 pavoris
1122 2161 1189 2203 ma-

158 2234 308 2312 nifestus3
331 2234 505 2317 ceterisque
528 2256 565 2300 ac
583 2235 720 2300 maxime
739 2233 890 2299 Cervario
907 2231 1056 2310 Proculo,
1084 2233 1187 2316 equite

157 2329 314 2405 Romano,
333 2329 374 2393 ad
392 2329 641 2394 convincendum
659 2352 732 2394 eum
749 2329 897 2406 connisis,
916 2328 1005 2392 iussu
1022 2328 1189 2412 imperato-

158 2422 202 2488 ris
221 2446 241 2487 a
259 2421 373 2488 Cassio
390 2423 501 2500 milite,
529 2424 584 2508 qui
606 2424 648 2490 ob
665 2424 789 2511 insigne
808 2423 946 2510 corporis
969 2420 1064 2488 robur
1081 2421 1187 2486 adsta-

159 2517 223 2593 bat,
242 2518 408 2603 corripitur
424 2517 628 2601 vinciturque.
744 2563 747 2569 -

223 2610 305 2676 Mox
327 2613 497 2676 eorundem
518 2612 633 2678 indicio
657 2611 791 2679 Subrius
808 2613 928 2679 Flavus
951 2613 1094 2679 tribunus
1116 2635 1187 2702 per·
1206 2632 1237 2678 67

158 2706 303 2782 vertitur,
330 2706 430 2792 primo
453 2706 738 2772 dissimilitudinem
765 2731 887 2774 morum
909 2709 949 2772 ad
971 2708 1186 2774 defensionem

159 2798 298 2876 trahens,
319 2821 421 2882 neque
439 2822 475 2864 se
492 2811 646 2866 armatum
664 2823 736 2866 cum
757 2801 929 2868 inermibus
947 2812 980 2868 et
1000 2803 1187 2868 effeminatis

158 2903 283 2958 tantum
299 2893 421 2966 facinus
440 2895 704 2973 consociaturum
723 2896 804 2972 dein,
823 2903 991 2979 postquam
1007 2896 1188 2982 urgebatur,

159 2986 367 3052 confessionis
385 2989 517 3075 gloriam
539 2990 718 3075 amplexus,
739 2990 1011 3074 interrogatusque
1029 3013 1048 3054 a
1064 2989 1188 3056 Nerone

159 3079 276 3163 quibus
285 3082 388 3147 causis
399 3083 440 3147 ad
453 3082 642 3150 oblivionem
657 3083 843 3150 sacramenti
859 3082 1074 3168 processisset,
1095 3085 1189 3162 „ode-

159 3197 229 3238 ram
247 3179 297 3238 te“
316 3175 431 3259 inquit;
460 3199 538 3256 „nec
556 3178 724 3263 quisquam
742 3177 799 3243 tibi
820 3177 943 3242 fidelior
963 3176 1097 3240 militum
1119 3177 1187 3254 fuit,

160 3269 239 3332 dum
251 3270 349 3334 amari
361 3271 515 3338 mertusti:
535 3272 639 3338 odisse
653 3273 756 3357 coepi,
776 3284 943 3359 postquam
956 3271 1111 3356 parricida
1123 3295 1189 3335 ma

160 3363 218 3428 tris
237 3372 268 3428 et
284 3366 407 3444 uxoris,
436 3366 546 3454 auriga
564 3377 595 3432 et
616 3367 726 3433 histrio
749 3379 780 3433 ct
800 3367 1010 3434 incendiarius
1028 3367 1187 3432 extitisti.“

160 3457 232 3542 ipsa
251 3459 357 3524 rettuli
373 3459 484 3538 verba,
512 3462 680 3545 quianon,
707 3473 743 3527 ut
762 3461 917 3542 Senecae,
940 3461 1068 3550 volgata
1089 3472 1187 3540 erant,

160 3573 221 3616 nec
237 3553 342 3618 minus
364 3554 454 3621 nosci
475 3555 608 3622 decebat
632 3557 775 3624 militaris
798 3559 856 3624 viri
879 3581 990 3624 seusus
1013 3559 1187 3643 incomptos

160 3655 193 3710 et
210 3647 341 3712 validos.
367 3649 446 3714 nibil
467 3651 500 3715 iu
521 3651 575 3716 illa
595 3653 809 3718 coniuratione
830 3653 958 3740 gravius
980 3651 1107 3717 auribus
1125 3649 1189 3714 Ne·

159 3740 246 3804 ronis
265 3742 416 3808 accidisse
430 3745 577 3822 constitit,
596 3746 651 3829 qui
669 3755 704 3810 ut
720 3746 873 3811 faciendis
893 3743 1062 3810 sceleribus
1083 3764 1188 3828 prom-

159 3845 245 3919 ptus,
264 3837 308 3900 ita
325 3838 474 3903 audiendi
491 3861 572 3923 quae
589 3840 708 3905 faceret
728 3840 867 3904 insolens
885 3849 960 3903 erat.
978 3859 1080 3923 poena
1095 3835 1124 3900 F
1124 3835 1187 3900 lavi

161 3928 295 3996 Veianio
303 3932 403 4019 Nigro
421 3933 545 4000 tribuno
563 3934 743 4011 mandatum
760 3933 789 3998 is
807 3933 950 4018 proximo
967 3932 1000 3997 in
1013 3953 1089 4016 agro
1104 3952 1189 3996 scro-

161 4021 234 4088 bem
252 4025 349 4091 effodi
365 4028 471 4107 iussit,
499 4051 594 4112 quam
612 4027 713 4094 visam
729 4027 849 4093 Flavus
866 4035 902 4090 ut
917 4025 1067 4091 humilem
1085 4033 1116 4090 et
1134 4049 1188 4090 an-

159 4131 287 4204 gustam
304 4122 480 4210 increpans,
499 4124 773 4190 circumstantibus
791 4121 941 4187 militibus
966 4143 1024 4201 „nc
1041 4120 1102 4186 hoc
1119 4121 1188 4206 qui-

160 4213 254 4282 dem“
277 4215 378 4301 iuquit
402 4241 461 4298 „ex
483 4217 677 4305 disciplina.“
706 4216 947 4301 admonitusque
969 4215 1090 4284 fortiter
1115 4241 1188 4304 pro-
