2958 4960
327 451 369 516 30
673 456 856 514 coanacn
871 455 1004 514 raom
1086 433 1090 440 ‘

1245 560 1266 590 a.
1276 561 1299 592 u.
1311 553 1358 594 ¹188.

325 617 518 705 principibus
535 615 657 693 amotis,
677 624 770 698 atque
788 614 849 699 ipsi
867 623 991 700 tempus
1009 613 1076 680 fore
1094 637 1156 700 quo
1174 617 1310 684 crimina
1328 630 1359 684 et

210 763 213 770 .
325 713 469 780 innoxios
483 712 685 776 discerneret:
705 709 762 773 sed
775 707 878 774 Varus
896 707 961 774 lato
979 719 1010 774 et
1027 710 1059 774 vi
1072 708 1209 778 Arminii
1226 713 1358 791 cecidit:

329 807 493 895 Segestes,
517 827 708 890 quamquam
730 825 887 868 consensu
908 804 1012 890 gentis
1034 804 1068 870 in
1089 804 1206 870 bellum
1224 815 1357 885 hactus,

326 902 445 966 discors
471 899 632 975 manebat,
659 896 759 962 auctis
784 896 929 981 privatim
957 897 1051 976 odiis,
1078 900 1164 982 quod
1187 898 1358 966 Arminius

325 996 423 1061 filiam
436 995 503 1060 eius
517 993 570 1058 alii
586 1001 710 1078 pactam
724 1000 882 1075 rapuerat3
901 1013 998 1078 gener
1013 992 1149 1072 invisus:
1167 993 1287 1058 inimici
1307 1017 1359 1060 so-

327 1090 403 1167 ceri:
434 1109 577 1174 quaeque
604 1087 689 1172 apud
714 1086 884 1151 concordes
911 1085 1036 1152 vincula
1061 1087 1213 1163 caritatis,
1244 1088 1359 1154 incita-

327 1193 433 1249 menta
448 1184 564 1248 irarum
582 1181 667 1267 apud
684 1180 825 1245 infensos
844 1189 940 1245 erant.

277 1299 308 1346 se
390 1277 493 1363 Igitur
511 1273 717 1341 Germanicus
736 1283 883 1358 quattuor
898 1273 1048 1360 legiones,
1068 1275 1204 1358 quinque
1223 1276 1359 1342 auxilia-

325 1371 407 1436 rium
415 1369 499 1434 milia
508 1364 1138 1433 ettumultuariascatervasGermanorum
1151 1368 1196 1433 cis
1205 1368 1357 1434 Rhenum

328 1464 495 1528 colentium
505 1462 661 1528 Caecinae
670 1462 917 1540 tradit3totidem
926 1461 1076 1548 legiones,
1087 1463 1244 1548 duplicem
1253 1465 1357 1530 socio-

327 1581 397 1622 rum
410 1579 575 1622 numerum
587 1556 656 1641 ipse
669 1555 764 1633 ducit,
783 1556 948 1640 positoque
966 1557 1094 1624 castello
1109 1579 1203 1643 super
1219 1558 1358 1644 vestigia

327 1650 448 1736 paterni
464 1651 612 1735 praesidii
629 1650 662 1714 in
679 1661 785 1714 monte
803 1649 916 1714 Tauno
934 1651 1115 1735 expeditum
1133 1652 1304 1717 exercitum
1323 1653 1358 1716 in

329 1744 461 1810 Chattos
470 1743 560 1828 rapit,
570 1743 612 1807 L.
619 1741 761 1827 Apronio
771 1743 811 1807 ad
820 1743 1008 1808 munitiones
1020 1744 1141 1809 viarum
1151 1755 1182 1809 et
1189 1745 1358 1832 fluminum

325 1839 447 1915 rehot03
458 1837 1357 1906 nam-rarumillicaelo-siccitateetamnibusmodicis

326 1932 517 1997 inoffensum
525 1933 583 1997 iter
591 1941 820 2017 properaverat,
830 1931 1009 2014 imbresque
1019 1942 1051 1997 et
1065 1933 1229 1998 fluminum
1242 1943 1356 1998 auctus

326 2027 514 2113 regredienti
532 2027 759 2092 metuebantur.
787 2026 844 2091 sed
862 2025 986 2092 Chattis
1007 2028 1087 2092 adeo
1104 2028 1282 2113 inprovisus
1300 2029 1359 2094 ad-

326 2122 426 2198 venit,
444 2131 493 2197 ut,
512 2121 597 2204 quod
613 2120 804 2186 imbecillum
822 2128 923 2184 aetate
941 2142 978 2185 ac
996 2143 1085 2199 sexu,
1105 2122 1210 2187 statim
1228 2131 1358 2207 captum

327 2225 382 2280 aut
398 2215 587 2279 trucidatum
605 2215 659 2292 sit;
682 2215 828 2279 iuventus
845 2214 963 2278 flumen
981 2213 1146 2280 Adranam
1167 2216 1271 2280 nando
1293 2227 1359 2282 tra-

327 2309 467 2386 miserat,
494 2309 718 2392 Romanosque
744 2317 873 2393 pontem
895 2309 1068 2393 coeptantis
1095 2310 1255 2388 arcebant3
1282 2311 1358 2376 dein

328 2404 488 2469 tormentis
507 2404 693 2490 sagittisque
706 2404 799 2488 pulsi,
819 2405 977 2489 temptatis
991 2403 1108 2470 frustra
1125 2405 1358 2472 conditionibus

327 2498 428 2583 pacis,
451 2520 524 2562 cum
542 2497 670 2582 quidam
688 2499 729 2562 ad
748 2495 972 2564 Germanicum
994 2500 1220 2586 perfugissent,
1242 2500 1359 2584 reliqui

328 2591 452 2657 omissis
470 2591 561 2677 pagis
583 2592 723 2675 vicisque
745 2592 779 2656 in
797 2592 892 2657 silvas
915 2593 1147 2680 dispergrmtur.
1173 2593 1292 2660 Caesar
1309 2595 1360 2658 in-

243 2759 247 2765 ,
328 2708 422 2751 censo
439 2685 554 2750 Mattio
572 2685 665 2749 -id
682 2686 769 2772 genti
787 2696 882 2771 caput
895 2725 936 2734 -
954 2698 1062 2773 aperta
1078 2688 1245 2773 populatus
1263 2689 1360 2754 vertit

327 2782 369 2845 ad
390 2781 550 2857 Rhenum,
573 2803 637 2844 non
659 2803 735 2846 auso
758 2782 849 2846 hoste
876 2791 966 2868 terga
987 2782 1170 2848 abeuntium
1190 2783 1358 2862 lacessere,

328 2875 413 2958 quod
430 2875 475 2940 illi
488 2875 592 2951 moris,
612 2874 754 2958 quotiens
768 2884 840 2940 astu
852 2876 954 2961 magis
972 2898 1067 2959 quarn
1084 2899 1141 2962 per
1158 2876 1360 2942 formidinem

328 2968 432 3034 cessit.
460 2969 562 3034 fuerat
584 2969 707 3036 animus
727 2968 897 3035 Cheruscis
919 2970 1027 3034 iuvare
1052 2970 1200 3049 Chattos:
1224 2971 1281 3036 sed
1302 2993 1360 3035 ex·

328 3064 437 3130 terruit
451 3061 589 3129 Caecina
605 3063 668 3130 huc
685 3064 759 3128 illuc
776 3063 881 3129 ferens
899 3087 996 3141 arma,
1015 3074 1047 3128 et
1063 3065 1189 3130 Marsos
1208 3067 1359 3152 congredi

279 3183 309 3229 5:
329 3181 423 3224 ausos
440 3180 590 3243 prospero
612 3158 731 3243 proeho
750 3157 900 3223 cohibuit.
927 3179 1029 3242 neque
1047 3158 1146 3223 multo
1166 3167 1240 3245 post
1260 3159 1359 3245 legati

329 3277 348 3318 a
367 3251 500 3338 Segeste
517 3261 673 3317 venerunt
688 3252 839 3316 auxilium
857 3261 980 3317 orantes
1004 3252 1155 3319 adversus
1174 3252 1239 3316 vim
1256 3274 1360 3338 popu-

328 3347 455 3421 larium,
478 3367 497 3408 a
518 3346 589 3427 quis
613 3345 913 3424 circumsedebatur,
939 3346 1089 3412 validiore
1111 3347 1196 3431 apud
1218 3368 1272 3411 eos
1295 3345 1360 3412 Ar·

329 3440 439 3515 minio,
462 3438 610 3520 quoniam
632 3438 751 3503 bellum
773 3441 939 3507 suadebat:
965 3464 1039 3506 nam
1060 3441 1216 3519 barbaris,
1240 3451 1359 3526 quanto

329 3532 400 3616 quis
418 3530 549 3596 audacia
565 3541 743 3617 promptus,
762 3542 849 3600 tanto
866 3535 968 3622 magis
986 3536 1069 3600 lidus
1086 3535 1245 3618 rebusque
1263 3535 1359 3600 motis

329 3625 432 3713 potior
447 3625 590 3690 habetur.
617 3627 779 3692 addiderat
799 3626 948 3716 Segestes
966 3630 1078 3716 legatis
1096 3629 1209 3706 filium,
1231 3629 1359 3694 nomine

332 3721 576 3809 Segimundum
595 3723 652 3787 sed
664 3722 787 3789 iuvenis
801 3725 993 3790 conscientia
1005 3723 1223 3790 cunctabatur:
1242 3723 1359 3809 quippe

331 3839 413 3883 anno
426 3839 489 3901 quo
503 3813 692 3883 Gemanica
704 3818 874 3896 descivere,
894 3819 1041 3884 sacerdos
1055 3819 1140 3904 apud
1157 3840 1245 3882 aram
1258 3816 1360 3883 Ubio-

332 3935 402 3977 rum
414 3922 536 3977 creatus
549 3923 676 3999 ruperat
688 3914 793 3991 vittas,
812 3913 966 4004 profugus
980 3915 1021 3979 ad
1038 3913 1185 3990 rebelles:
1203 3912 1358 3976 adductus

332 4015 437 4070 tamen
458 4007 492 4071 in
514 4029 603 4093 spem
626 4007 809 4074 clementiae
826 4007 989 4072 Romanae
1011 4007 1138 4094 pertulit
1154 4005 1253 4092 patris
1270 4029 1359 4070 man-

332 4100 406 4164 data
426 4100 624 4188 benigneque
647 4113 797 4189 exceptus
820 4125 893 4168 cum
914 4104 1072 4189 praesidio
1091 4101 1247 4169 Gallicam
1267 4101 1302 4166 iu
1317 4101 1359 4166 ri-

332 4213 406 4277 pam
419 4195 535 4260 missus
548 4205 605 4262 est
626 4195 814 4264 Germanico
826 4198 961 4283 pretium
970 4198 1031 4264 fuit
1039 4203 1219 4264 convertere
1229 4217 1358 4282 agmen:
