3042 4956
455 407 663 464 mamm!
675 408 751 462 LIB.
759 407 813 462 XI.
829 411 916 464 S-ti.
1134 400 1198 464 183

167 511 187 549 p.
197 498 238 539 cu.
249 501 286 540 rr.

61 597 63 634 i
165 590 233 631 rum
255 588 376 652 vapore
399 565 483 652 iguis
504 565 711 629 minueretur:
736 577 858 630 tuntum
879 567 926 631 illi
946 569 1121 634 securitatis
1142 593 1199 635 no-

166 661 315 725 vissimae
334 661 406 724 fuit.

225 753 397 819 Vocantur
417 763 489 838 post
510 754 589 818 haec
613 763 720 839 patres
740 756 906 840 pergitque
929 754 1061 821 Suillius
1082 756 1197 822 addere
1216 782 1231 826 r

164 869 232 912 reos
257 849 383 932 equites
401 849 564 913 Romanos
584 849 737 924 illustres,
759 849 875 932 quibus
892 850 989 914 Petra
1010 873 1199 936 cognom-

163 953 244 1020 tum3
266 941 329 1029 [at]
350 965 447 1007 causa
459 943 548 1007 necis
565 965 607 1007 ex
623 965 662 1007 eo
678 944 765 1026 quod
781 944 910 1007 domurn
924 965 1014 1010 suam
1027 943 1198 1009 Mnesteris

163 1047 193 1100 ct
209 1036 384 1122 Poppaeae
402 1036 625 1122 congressibus
643 1036 876 1121 praebuissent:
902 1061 1012 1102 rerum
1028 1047 1198 1102 nocturnae

162 1130 278 1212 quietis
297 1131 422 1216 species
439 1131 529 1194 alteri
545 1129 683 1207 obiecta,
702 1142 863 1214 tamquam
879 1133 1011 1196 vidisset
1029 1131 1199 1197 Claudium

163 1224 271 1308 spicea
288 1247 407 1288 corona
420 1225 703 1309 evinctum,·spicis
720 1235 803 1289 retro
816 1225 986 1302 conversis,
1004 1247 1104 1308 eaque
1121 1225 1200 1290 ims-

106 1367 109 1376 .
162 1319 235 1403 gine
254 1319 446 1404 gravitatem
463 1340 606 1382 annonae
623 1318 771 1396 dixissen
789 1319 917 1402 quidam
929 1319 1129 1404 pampineam
1147 1341 1200 1384 co·

161 1435 274 1476 ronam
291 1411 473 1477 albentibus
491 1412 574 1477 foliis
592 1413 695 1476 visam
712 1423 806 1495 atque
822 1415 867 1478 ita
884 1415 1120 1498 interpretatum
1137 1423 1199 1484 tru-

164 1507 282 1583 didere,
301 1515 454 1592 vergente
467 1515 636 1570 auctumno
649 1516 781 1570 mortem
797 1508 947 1594 principis
965 1508 1102 1573 ostendi:
1120 1507 1198 1572 illud

162 1600 248 1665 haud
267 1599 454 1686 ambigitur,
472 1600 692 1683 qualicumque
709 1601 864 1667 insomnio
880 1603 943 1688 ipsi
958 1602 1111 1686 fratrique
1126 1624 1198 1687 per·

163 1694 278 1759 niciem
291 1694 431 1758 allatam.
455 1694 632 1758 sestertium
646 1694 826 1776 quindecies
840 1705 872 1760 et
885 1696 1021 1782 insignia
1033 1705 1197 1782 praeturae

164 1787 315 1874 Crispino
333 1788 470 1851 decreta
493 1787 605 1852 adiecit
622 1787 769 1853 Vitellius
788 1791 967 1854 sestertium
984 1791 1088 1855 decies
1109 1787 1198 1854 Sosi·

164 1881 230 1960 bio,
254 1883 342 1967 quod
358 1882 576 1946 Britannicum
593 1884 783 1968 praeceptis,
808 1883 978 1948 Claudium
995 1883 1133 1947 consiliis
1151 1883 1199 1946 iu·

163 1989 260 2042 varet.
291 1987 425 2063 rogatus
448 1977 635 2041 sententiam
656 1987 689 2041 et
711 1975 821 2062 Scipio
844 2000 935 2056 „cum
962 1977 1070 2040 idem“
1098 1974 1198 2057 inquit

165 2073 224 2149 ,de
247 2071 398 2136 admissis
416 2070 585 2155 Poppaeae
607 2072 740 2136 sentiam
762 2073 848 2154 quod
873 2092 996 2148 omnes,
1022 2078 1130 2154 putate
1148 2087 1199 2130 me

163 2166 248 2231 idem
275 2167 381 2230 dicere
404 2166 490 2248 quod
511 2171 657 2242 omnes,“
685 2165 823 2250 eleganti
847 2171 1092 2248 temperamento
1118 2159 1200 2226 inter

165 2259 365 2346 coniugalem
382 2281 521 2323 amorem
539 2269 570 2323 et
588 2259 777 2323 senatoriam
793 2259 1022 2324 necessitatem.

228 2353 410 2418 Continuus
440 2353 513 2416 inde
543 2363 576 2417 et
602 2376 716 2418 saevus
748 2353 933 2418 accusandis
963 2353 1025 2416 reis
1054 2347 1232 2422 Suilliuss

164 2449 317 2532 multique
336 2447 487 2512 audaciae
505 2447 572 2514 eius
591 2449 706 2512 aemuli
712 2473 721 2526 ;
739 2473 812 2513 nam
827 2458 940 2514 cuncta
956 2448 1064 2534 legum
1082 2455 1113 2510 et
1131 2466 1198 2508 ma·

163 2543 354 2626 gistratuum
376 2542 484 2605 munia
504 2542 537 2605 in
555 2564 590 2606 se
608 2541 734 2608 trahens
757 2544 902 2629 princeps
924 2542 1085 2608 materiam
1107 2561 1198 2626 prae·

164 2637 259 2700 dandi
268 2636 475 2721 patefecerat3
489 2659 547 2700 nec
557 2637 724 2720 quicquam
734 2638 877 2724 publicae
891 2637 1003 2704 mercis
1013 2647 1077 2701 tam
1086 2634 1196 2700 venale

163 2730 222 2794 fuit
240 2753 340 2814 quam
357 2729 580 2794 advocatorum
597 2731 737 2815 perfidia,
756 2733 835 2797 adeo
853 2742 889 2796 ut
907 2730 1044 2808 Samius,
1062 2727 1197 2814 insignis

162 2846 261 2907 eques
284 2824 464 2902 Romanus,
487 2825 723 2910 quadringentis
746 2848 945 2889 nummorum
967 2824 1093 2888 milibus
1113 2821 1198 2888 Suil-

163 2918 204 2983 lio
222 2918 306 2982 datis
326 2927 357 2981 et
375 2919 501 3004 cognita
517 2920 784 3002 praevaricatione
802 2919 885 2982 serre
903 2918 935 2980 in
953 2918 1047 2982 domo
1065 2917 1131 2980 cius
1150 2916 1197 2980 in·

163 3013 318 3078 cubuerit.
354 3012 451 3098 igitur
476 3013 644 3098 incipiente
672 3012 710 3078 C.
740 3011 834 3088 Silio,
867 3010 994 3075 consule
1022 3009 1196 3094 designato,

164 3109 253 3172 cuius
273 3107 314 3170 de
331 3107 472 3192 potentia
489 3117 519 3170 et
538 3107 633 3171 exitio
651 3107 684 3170 in
703 3116 842 3190 tempere
860 3102 1050 3178 memorabo,
1070 3123 1198 3166 consur·

163 3211 242 3286 gunt
265 3210 372 3286 patres
390 3201 556 3286 legemque
575 3200 720 3265 Cinciam
738 3199 894 3285 flagitant,
917 3219 980 3280 qua
998 3203 1126 3260 cavetur
1143 3219 1199 3260 an-

163 3295 310 3378 tiquitus,
333 3318 373 3358 ne
392 3295 463 3378 quis
482 3295 523 3360 ob
542 3318 670 3360 eausam
688 3295 838 3360 orandam
856 3292 1021 3378 pecuniam
1040 3293 1197 3358 donumve

163 3390 307 3474 accipiat.
334 3391 448 3454 deinde
471 3391 724 3475 obstrepentibus
747 3391 797 3456 his
815 3389 930 3474 quibus
954 3411 992 3454 ea
1009 3389 1229 3459 contumeliae

162 3483 348 3567 parabatur,
367 3485 487 3552 discors
508 3484 619 3551 Suillio
639 3484 736 3551 Silius
754 3486 865 3552 acriter
881 3485 1036 3562 incubuit,
1055 3495 1196 3550 veterum

162 3588 323 3642 oratorum
341 3580 485 3665 exempla
506 3581 660 3658 referens,
683 3583 737 3665 qui
755 3582 872 3646 famam
895 3591 927 3645 et
947 3590 1088 3665 posteros
1107 3601 1196 3664 prac-

162 3673 225 3736 mia
243 3672 441 3756 eloquentiae
456 3676 681 3760 cogitavissent
693 3677 916 3761 pulcherrima:
935 3674 1073 3755 alioquin
1091 3682 1122 3735 ct
1139 3671 1195 3736 bo-

161 3789 274 3830 narum
301 3768 416 3832 artium
442 3770 614 3854 principem
637 3771 771 3835 sordidis
793 3768 972 3833 ministeriis
995 3765 1130 3840 focdari3
1156 3786 1195 3826 ne

161 3861 256 3925 fidem
275 3863 404 3945 quidem
417 3863 571 3950 integram
583 3887 720 3940 manere,
738 3864 793 3927 ubi
807 3861 990 3946 magnitudo
1008 3869 1194 3941 quaestuum

162 3965 336 4039 spectetur3
360 3958 446 4039 qued
468 3958 496 4022 si
513 3959 546 4021 in
568 3958 683 4021 nullius
706 3955 882 4020 mercedem
904 3951 1031 4036 negotia
1053 3959 1193 4036 afflantur,

160 4050 311 4132 pauciora
332 4051 415 4116 fore:
438 4073 522 4116 nune
543 4052 735 4127 inimicitias,
759 4047 987 4122 accusationes,
1012 4045 1084 4112 odia
1100 4053 1132 4108 et
1148 4044 1195 4110 in·

161 4142 256 4210 iurios
279 4145 396 4224 foveri,
419 4157 455 4211 ut
476 4145 704 4230 quomodovis
723 4141 901 4208 morborum
923 4139 1023 4227 pretia
1044 4139 1194 4206 medenti·
