2958 4960
403 461 612 522 ANNALIUM
627 463 738 518 ΗΜ
756 461 884 520 ffl-tt‘
1106 457 1148 518 37

124 557 198 608 lach.
209 559 242 598 lt.
285 581 287 586 ,

122 627 220 702 visat,
243 624 333 710 signa
350 623 455 699 adeat,
477 621 674 707 largitionem
691 631 835 707 temptet,
858 632 1019 706 tamquam
1035 647 1147 709 parum

121 719 287 784 ambitiose
307 716 407 781 filium
430 716 518 780 ducis
540 716 662 801 gregali
682 715 792 780 babitu
813 715 1011 782 circutum
1028 717 1148 786 Caesa-

120 833 250 896 remque
260 808 439 896 Caligulam
451 809 602 895 appellari
614 809 703 887 velit;
715 810 872 894 potiorem
883 811 948 874 iam
960 812 1046 896 apud
1058 834 1147 876 exer-

120 907 201 972 eitus
215 902 426 991 Agrippinam
443 923 539 988 quam
555 903 686 990 legatos,
704 926 800 988 quam
817 904 929 982 duces3
946 927 1147 990 conpressam

119 1025 139 1065 a
158 999 290 1064 muliere
313 997 511 1075 seditionem,
534 999 586 1062 cui
606 1019 722 1062 nomen
740 998 892 1083 principis
913 998 1066 1064 obsistere
1082 1023 1147 1065 non

118 1093 262 1177 quiverit.
299 1091 491 1156 accendebat
515 1091 595 1156 haec
620 1090 831 1175 onerabatque
858 1090 1009 1171 Seianus,
1034 1095 1147 1179 peritia

118 1209 242 1252 morum
263 1185 385 1250 Tiberii
407 1185 479 1250 odia
499 1185 534 1250 in
558 1185 689 1270 longum
713 1185 831 1250 iaciens
857 1209 938 1270 quae
963 1189 1146 1254 reconderet

119 1291 274 1366 aucmque
290 1289 457 1367 promeret

180 1374 228 1440 At
242 1372 451 1440 Germanicus
468 1371 627 1460 legionum
645 1397 724 1458 quas
741 1375 874 1442 navibus
887 1387 1016 1442 vexerat
1032 1401 1145 1444 secun-
1164 1402 1196 1448 rc

118 1469 191 1533 dam
207 1479 240 1534 et
257 1478 402 1552 quartam
424 1468 577 1533 decimam
598 1470 707 1534 itinere
729 1472 866 1536 terrestri
881 1471 921 1536 P.
940 1471 1068 1538 Vitellio
1085 1474 1144 1538 dn-

119 1564 232 1628 oendas
251 1563 360 1639 tradit,
382 1584 445 1646 quo
461 1562 560 1628 levior
581 1563 691 1628 classis
712 1565 832 1630 vadoso
853 1568 932 1632 mari
951 1568 1074 1634 innaret
1092 1569 1143 1634 vel

117 1658 276 1743 reciproco
303 1657 427 1722 sideret.
458 1655 605 1722 Vitellius
626 1657 761 1742 primum
782 1660 841 1724 iter
857 1661 941 1726 sicca
965 1661 1063 1728 humo
1087 1673 1143 1727 ant

118 1752 237 1816 modice
251 1750 416 1816 adlabente
428 1763 518 1815 aestu
530 1752 671 1834 quietum
683 1753 806 1831 habuit3
824 1778 899 1820 mox
910 1756 1037 1841 inpulsu
1053 1756 1143 1840 aqui·

116 1842 204 1924 lonis,
219 1845 314 1910 simul
327 1845 429 1909 sidere
442 1846 639 1928 aequinoctii,
653 1869 716 1930 quo
729 1848 865 1913 maxime
878 1851 1025 1914 tumescit
1038 1848 1143 1915 Ocea·

117 1960 187 2016 nus,
213 1939 283 2024 rapi
310 1939 425 2024 agique
450 1962 579 2026 agmen3
605 1951 637 2004 et
658 1941 865 2027 opplebantur
890 1953 1004 2006 terrae:
1031 1943 1143 2008 eadem

117 2031 204 2110 freto,
221 2034 315 2110 litori,
334 2033 453 2118 eampis
471 2035 579 2112 facies,
597 2056 700 2118 neque
712 2035 848 2100 discerni
865 2045 1009 2122 poteraut
1024 2037 1143 2102 incerta

118 2124 155 2190 ab
172 2127 297 2204 solidis,
320 2127 429 2191 brevia
446 2151 465 2193 a
481 2128 661 2213 profundis3
684 2138 864 2194 sternuntur
880 2129 1042 2207 fluetibus,
1064 2130 1143 2194 bau-

117 2219 234 2285 riuntur
259 2221 453 2308 gurgitibus3
479 2223 632 2301 iumenta,
658 2223 815 2301 sarcinae,
842 2247 973 2310 corpora
997 2225 1143 2290 exanima

117 2314 304 2392 interfluunt,
315 2324 479 2380 occursant
483 2341 493 2394 ;
506 2317 733 2401 permiscentur
740 2317 864 2384 interse
872 2319 1032 2405 manipuli,
1045 2319 1141 2384 modo

117 2419 252 2491 pectore,
281 2410 376 2474 modo
402 2431 454 2474 ore
480 2420 572 2476 tenus
598 2420 755 2490 extantes,
787 2413 954 2496 aliquando
981 2414 1141 2480 subtracto

119 2501 180 2568 solo
197 2503 323 2567 disiecti
344 2512 398 2567 aut
419 2501 536 2582 obruti3
558 2527 622 2568 non
639 2527 703 2570 vox
719 2515 752 2570 et
768 2507 868 2571 mutui
888 2507 1030 2572 hortatus
1052 2507 1141 2572 iuva·

117 2593 188 2660 bant
208 2596 396 2660 adversante
413 2597 512 2676 unda3
538 2597 617 2661 nihil
639 2607 784 2664 strenuus
802 2600 843 2665 ab
859 2601 989 2687 ignavo,
1013 2601 1139 2687 sapiens

117 2692 151 2752 ab
167 2691 371 2776 imprudenti,
399 2691 529 2756 consilia
546 2715 566 2756 a
588 2714 664 2756 casu
685 2693 824 2758 differre:
850 2705 963 2760 cuncta
983 2696 1053 2781 pari
1072 2696 1140 2760 vio-

116 2782 206 2849 lentia
227 2784 477 2850 involvebantur.
504 2786 631 2850 tandem
652 2785 799 2854 Vitellius
820 2788 855 2854 in
875 2789 1007 2854 editiora
1031 2789 1139 2854 enisus

117 2879 223 2944 eodem
235 2901 352 2964 agmen
365 2878 528 2958 subduxit3
545 2892 767 2965 pernoctavere
780 2882 847 2947 sine
860 2883 1056 2959 utensilibus,
1072 2884 1140 2948 sine

117 2971 191 3058 igni,
210 2996 328 3059 magna
344 2996 417 3059 pars
435 2974 521 3038 nudo
538 2983 593 3038 aut
610 2975 747 3040 mulcato
765 2997 909 3060 corpore,
930 2977 1018 3041 hond
1034 2977 1139 3040 minus

117 3066 307 3132 miserabiles
333 3089 429 3150 quam
454 3089 534 3150 quos
564 3068 664 3133 hostis
692 3069 905 3134 circumsidet:
935 3070 1052 3154 quippe
1076 3068 1140 3133 illie

117 3161 206 3226 etiam
231 3161 383 3226 honestae
405 3162 513 3226 mortis
537 3185 629 3240 usus,
655 3162 705 3226 his
727 3161 896 3248 inglorium
918 3162 1057 3226 exitium.
1084 3162 1140 3226 lux

116 3257 247 3320 reddidit
265 3265 388 3334 terram,
406 3265 664 3342 penetratumque
682 3258 723 3321 ad
740 3279 866 3321 amnem
880 3253 1061 3343 [Visurgin]
1076 3278 1139 3340 quo

118 3348 233 3417 Caesar
259 3351 361 3416 classe
383 3353 592 3416 contenderat.
623 3352 789 3437 impositae
810 3353 883 3416 dein
903 3351 1058 3438 legiones,
1084 3375 1140 3416 va-

115 3457 205 3530 gante
222 3447 311 3510 fama
328 3445 522 3524 submersam
541 3468 600 3511 nec
616 3445 694 3511 fides
713 3446 822 3512 salutis
840 3456 1007 3532 antequam
1021 3445 1140 3512 Caesa·

115 3561 177 3604 rem
195 3541 430 3624 exercitumque
445 3541 595 3604 reducem
611 3541 728 3606 videre.

173 3635 246 3699 Iam
261 3633 429 3700 Stertinius
448 3636 489 3700 ad
506 3635 722 3721 accipiendum
739 3637 773 3701 in
790 3638 980 3704 deditionem
995 3636 1139 3722 Segime-
1158 3655 1187 3702 τι

115 3751 190 3806 mm,
208 3729 340 3794 fratrem
355 3727 507 3821 Segestis,
525 3730 716 3815 praemissus
734 3732 838 3817 ipsum
856 3742 888 3797 et
903 3732 1003 3796 filium
1021 3731 1088 3794 eius
1106 3731 1140 3792 in

114 3822 271 3887 civitatem
289 3823 446 3888 Ubiomm
462 3826 664 3910 perduxerat:
688 3826 761 3890 data
777 3826 901 3908 utrique
918 3823 1024 3900 venia,
1047 3822 1139 3897 facile

115 3914 289 4004 Segimero,
308 3920 503 3984 cunctantius
520 3920 594 3998 filio,
612 3921 687 4004 quia
705 3919 850 4002 Quintilii
866 3918 945 4000 Vari
962 3939 1074 4001 corpus
1091 3917 1140 3980 in-

112 4008 225 4076 lusisse
245 4011 416 4078 dicebatur.
444 4023 582 4079 ceterum
600 4016 641 4079 ad
659 4014 834 4099 supplenda
852 4011 1006 4076 exereitus
1024 4011 1140 4075 damna

113 4115 272 4172 certavere
295 4104 430 4186 Galliae,
453 4109 642 4194 Hispaniae,
665 4109 771 4186 Italia,
794 4108 880 4192 quod
902 4106 1014 4190 cuique
1034 4128 1140 4193 prom-

112 4209 214 4284 ptum,
239 4223 340 4281 arma,
364 4225 477 4288 equos,
501 4227 626 4283 amum,
650 4203 832 4282 offerentem
859 4201 1139 4288 quorumdaudato
