3020 4958
397 415 606 476 Auuffluu
623 417 698 472 LIB.
712 417 778 474 XV.
791 417 913 473 34-38.
1101 409 1166 474 299
1266 409 1271 418 ’

133 527 155 564 p.
166 514 207 555 cn.
218 513 253 552 es.

132 601 309 664 numquam
326 577 439 642 timore
457 597 592 652 vacuus,
610 575 749 640 deseruit
764 575 939 661 inceptum,
958 587 1086 642 cunctas
1105 579 1166 646 sibi

133 699 225 741 curas
245 694 354 738 amore
371 670 491 756 patriae
507 669 640 735 leviores
658 669 819 752 dictitans5
836 670 955 736 vidisse
971 683 1109 738 maestos
1122 675 1167 738 ci-

132 771 221 834 vium
234 768 354 844 vultus,
368 765 476 830 audire
490 773 627 830 secretas
640 764 861 848 querimonias,
878 766 965 848 quod
977 775 1099 830 tantum
1115 771 1166 832 ta-

133 863 382 936 uerieaditurus
404 869 503 937 esset,
526 860 617 924 euius
638 881 679 924 ne
701 860 843 924 modicos
865 860 995 943 quidem
1017 883 1166 947 egressus

133 961 313 1034 tolerarent,
333 955 416 1020 sueti
434 955 601 1019 adversum
622 953 752 1018 fortuita
772 965 903 1039 aspectu
918 947 1071 1040 principis
1083 956 1167 1020 refo-

133 1056 216 1133 veri3
235 1075 312 1139 ergo
329 1061 365 1116 ut
382 1051 417 1114 in
434 1049 563 1135 privatis
581 1049 866 1115 necessitudinibus
879 1050 1024 1135 proxima
1034 1050 1168 1136 pignora

132 1147 365 1236 praevalerent,
389 1145 434 1210 ita
454 1144 607 1230 populum
622 1144 804 1209 Romanum
826 1144 891 1208 vim
917 1143 1084 1230 plurimam
1110 1145 1166 1209 ba-

133 1243 210 1310 bere
227 1241 465 1328 parendumque
481 1238 637 1302 retinenti.
659 1237 738 1303 haec
755 1248 850 1322 atque
867 1238 943 1303 talia
958 1237 1044 1324 plebi
1060 1238 1168 1304 volen-

133 1339 178 1401 tia
195 1335 286 1402 fuere
303 1333 501 1418 voluptatum
519 1333 665 1418 cupidine
683 1341 725 1410 et,
743 1355 825 1416 quae
838 1333 1007 1420 praecipua
1020 1355 1096 1398 cura
1108 1344 1165 1411 est,

134 1430 182 1495 rei
198 1428 423 1494 frumentariae
441 1427 619 1512 augustias,
647 1427 675 1492 si
692 1425 833 1504 abesset,
852 1427 1011 1493 metuenti.
1039 1438 1166 1493 senatus

135 1535 167 1589 et
183 1524 338 1610 primores
356 1522 390 1585 iu
406 1521 525 1586 incerto
543 1531 641 1599 erant,
658 1522 769 1607 procul
786 1545 828 1586 an
845 1544 951 1588 coram
964 1523 1098 1589 atrocior
1109 1523 1166 1588 ba·

135 1619 276 1695 beretur3
303 1616 432 1693 debinc,
459 1637 540 1699 quae
557 1625 670 1683 natura
685 1617 809 1704 maguis
829 1617 1007 1697 timoribus,
1030 1619 1166 1684 deterius

138 1710 310 1776 eredebant
326 1710 413 1792 quod
431 1719 587 1774 evenerat.

198 1805 275 1891 Ipse
299 1826 363 1887 quo
384 1802 481 1868 fidem
502 1803 676 1887 anquireret
698 1805 775 1870 nihil
796 1828 933 1890 usquam
954 1807 1084 1892 perinde
1102 1808 1167 1872 lae·
1184 1823 1217 1870 er

137 1909 203 1963 tum
222 1897 293 1975 sibi,
312 1896 446 1982 publicis
460 1897 537 1962 locis
552 1908 671 1964 struere
689 1900 833 1964 eonvivia
846 1910 972 1982 totaque
985 1900 1063 1965 urbe
1076 1902 1168 1984 quasi

136 1993 230 2058 domo
243 1991 305 2055 uti:
323 2000 354 2055 et
366 1985 586 2056 celeberrimae
600 1991 677 2056 luxu
690 1992 837 2075 famaque
851 1993 962 2077 epulae
975 1993 1073 2070 fuere,
1087 2015 1167 2076 quas

136 2111 156 2151 a
164 2085 323 2172 Tigellino
331 2094 456 2171 paratas
465 2094 500 2149 ut
508 2085 688 2171 exemplum
701 2085 845 2163 referam,
864 2108 905 2150 ne
918 2081 1043 2171 saepius
1056 2087 1168 2151 eadem

17 2243 21 2250 .
135 2179 335 2267 prodigentia
352 2179 507 2244 narranda
525 2179 575 2244 sit.
594 2180 691 2266 igitur
707 2181 742 2245 in
758 2189 872 2266 stagno
890 2179 1054 2266 Agrippae
1072 2179 1169 2245 sabri-

135 2285 226 2340 catus
245 2283 295 2338 est
314 2283 423 2351 ratem,
443 2274 739 2358 cuisuperpositum
757 2275 935 2340 convivium
953 2275 1080 2340 navium
1094 2275 1169 2340 alia-

135 2391 208 2432 rum
221 2375 323 2440 tractu
335 2377 521 2432 moveretur.
539 2390 636 2432 naves
650 2390 727 2433 auro
741 2379 772 2433 et
790 2368 884 2434 ebore
898 2368 1062 2433 distinctae
1076 2369 1169 2433 remi·

135 2483 259 2548 gesque
279 2461 394 2525 exoleti
410 2483 468 2547 per
484 2471 605 2528 aetates
622 2472 653 2527 et
671 2462 833 2527 scientiam
855 2462 1020 2527 libidinum
1042 2483 1169 2548 compo-

134 2553 307 2632 nebantur3
333 2555 478 2621 volueres
504 2554 641 2621 etseras
664 2556 796 2622 diversis
819 2579 836 2622 e
858 2557 947 2623 terris
966 2567 1002 2624 et
1023 2557 1170 2622 animalia

134 2650 235 2714 rueris
255 2646 386 2714 Oceano
400 2649 542 2734 abusque
555 2650 717 2735 petiverat.
736 2652 948 2737 crepidinibus
963 2653 1067 2741 stagni
1080 2653 1170 2739 lupa-

135 2744 228 2808 naria
240 2742 387 2808 astabant
398 2743 572 2808 illustribus
585 2744 711 2810 feminis
722 2747 885 2832 completa,
904 2758 936 2813 et
945 2758 1054 2814 eontra
1067 2757 1170 2814 scorta

138 2837 323 2904 visebantur
330 2837 423 2904 nudis
438 2838 631 2922 corporibus.
649 2839 713 2904 iarn
726 2850 836 2926 gestus
849 2851 1016 2925 motusque
1030 2842 1169 2919 obsceni,

137 2942 171 2996 et
187 2940 357 3017 postquam
375 2929 522 2996 tenebrae
538 2931 740 3010 incedebant,
758 2943 910 3017 quantum
927 2934 1016 2998 iuxta
1033 2936 1169 3000 nemoris

137 3035 172 3090 et
193 3025 394 3090 circumiecta
414 3036 497 3092 tecta
519 3048 692 3092 consonare
715 3035 809 3092 cautu
826 3036 859 3091 et
878 3025 1050 3091 luminibus
1073 3026 1170 3090 clare-

139 3141 238 3188 scere.
269 3119 338 3204 ipse
358 3142 416 3205 per
436 3119 522 3184 licita
542 3131 637 3204 atque
659 3120 777 3184 inlicita
798 3119 944 3185 foedatus
967 3119 1044 3184 nihil
1061 3119 1171 3205 flagitii

138 3213 308 3296 reliquerat
324 3235 388 3297 quo
405 3214 579 3300 corruptior
595 3223 713 3302 ageret,
731 3214 792 3280 uisi
805 3235 923 3300 paucos
941 3225 1014 3299 post
1031 3213 1098 3278 dies
1115 3214 1171 3279 uui

140 3331 181 3372 ex
198 3308 252 3372 illo
270 3309 551 3374 contaminatorum
562 3331 712 3396 grege—
721 3330 837 3375 nomen
845 3307 1047 3398 Pythagorae
1060 3307 1120 3374 suit
1129 3347 1170 3360 ·-

141 3405 174 3467 in
192 3404 322 3468 modum
340 3403 538 3470 sollemnium
556 3405 773 3492 coniugiorum
794 3405 1012 3491 denupsisset:
1035 3405 1169 3472 inditum

142 3498 322 3582 imperatori
339 3498 533 3576 flammeum,
556 3499 646 3564 missi
663 3497 824 3586 auspices;
847 3499 906 3566 dos
924 3509 956 3566 et
972 3500 1105 3589 genialis
1123 3511 1172 3566 to-

141 3613 196 3654 rus
214 3600 247 3654 et
263 3589 350 3656 faces
367 3592 533 3678 nuptiales,
552 3603 664 3658 cuncta
682 3594 816 3679 denique
829 3604 971 3681 spectata
983 3616 1064 3679 qnae
1077 3594 1170 3658 etiam

142 3685 176 3748 in
193 3683 313 3749 femina
329 3707 393 3750 nox
411 3687 521 3771 operit.

209 3775 360 3862 Sequitur
377 3779 497 3858 clades,
523 3779 604 3846 forte
627 3805 668 3847 an
691 3781 764 3846 dolo
785 3781 935 3866 principis
957 3779 1111 3844 incertum
1128 3815 1170 3826 -
1189 3789 1222 3838 oe

142 3895 217 3936 nam
243 3881 412 3956 utrumque
433 3884 576 3940 auctores
598 3875 764 3962 prodidere
786 3911 829 3921 -
847 3873 905 3940 sed
926 3871 1072 3938 omuibus
1090 3893 1171 3955 quae

142 3966 216 4030 huic
235 3965 307 4032 urbi
322 3990 381 4052 per
396 3968 575 4034 violentiam
592 3969 714 4056 ignium
732 3967 913 4032 acciderunt
933 3965 1060 4052 gravior
1077 3976 1171 4050 atque

143 4060 287 4126 atrocior.
304 4061 429 4126 initium
445 4063 480 4130 iu
495 4073 629 4148 caparte
643 4061 716 4128 circi
730 4071 832 4126 ortum
845 4081 928 4143 quae
935 4059 1081 4126 Palatino
1091 4057 1172 4127 an-

27 4185 32 4192 ·
143 4153 249 4238 lioque
266 4155 428 4222 montibus
445 4157 594 4244 contigua
611 4166 669 4236 est,
688 4155 741 4221 ubi
759 4175 816 4240 per
832 4151 989 4234 tabentes,
1007 4153 1121 4240 quibus
1139 4155 1171 4226 id
