3042 4956
361 445 422 508 174
711 451 894 512 CORNELII
908 453 1039 510 TACITI

1222 557 1242 586 a.
1253 557 1277 587 a.
1288 548 1336 588 sse.
1347 550 1391 588 rsa.

357 611 564 680 reverentiam
580 610 614 674 in
630 632 703 687 nos,
727 609 824 676 decus
842 611 976 694 quisque
998 621 1145 677 suumet
1132 612 1258 678 tfidcm
1278 616 1393 680 retinc-

357 717 434 772 rent.
458 706 542 770 exim
560 726 632 770 cum
649 703 853 790 legionibus
843 725 877 767 m
895 701 1022 790 Syriam
1038 706 1198 772 remeavit

303 807 344 922 <44
423 799 515 884 Quae
528 797 651 864 duabus
663 796 836 862 aestatibus
850 807 941 884 gesta
954 799 1111 876 coniunxi,
1130 821 1193 883 quo
1210 801 1391 884 requiesce-

303 875 404 962 8⁸'ret
422 891 768 960 animusadomesticis
784 891 890 969 malis3
882 914 972 957 ·non
990 892 1073 956 enim
1087 892 1259 972 Tiberium,
1280 915 1391 977 quam·

357 1012 453 1074 quam
474 987 606 1054 triennio
627 993 701 1071 post
722 986 851 1050 caedem
875 983 996 1063 Seiani,
1020 1007 1102 1070 quae
1124 996 1244 1053 ceteros
1266 989 1390 1054 mollire

357 1083 472 1161 solent,
499 1092 637 1167 tempus,
663 1101 787 1165 preces,
814 1079 911 1144 satias
937 1079 1138 1165 mitigabant,
1167 1080 1244 1164 quin
1269 1082 1390 1148 incerta

356 1179 407 1244 vel
420 1175 537 1242 abolita
554 1197 611 1260 pro
628 1172 823 1261 gravissimis
842 1182 874 1238 et
889 1173 1067 1239 recentibus
1086 1173 1220 1259 puniret.
1243 1197 1283 1242 eo
1301 1187 1388 1242 metu

355 1271 518 1338 Fulcinius
545 1269 634 1346 Trio,
665 1267 839 1354 ingruentis
866 1277 1064 1333 accusatores
1093 1267 1180 1334 haud
1204 1291 1386 1356 perpessus,

356 1365 511 1452 supremis
533 1362 649 1428 tabulis
671 1361 770 1426 multa
792 1370 824 1427 et
846 1362 962 1428 abacia
982 1361 1016 1426 in
1033 1360 1218 1428 Macronem
1242 1386 1280 1430 ac
1297 1386 1387 1451 prae·

355 1461 463 1545 cipuos
489 1457 669 1522 libertorum
693 1454 840 1522 Caesaris
863 1456 1041 1541 conposuit,
1068 1456 1130 1541 ipsi
1155 1457 1275 1522 fluxam
1299 1459 1386 1524 senio

354 1562 491 1618 mentem
517 1559 549 1616 et
568 1550 717 1616 continuo
743 1548 897 1616 abscessu
921 1551 1007 1614 velut
1033 1550 1162 1615 exilium
1188 1551 1385 1630 obiectando,

353 1668 435 1730 qnae
457 1646 497 1711 ab
519 1643 687 1710 heredibus
709 1645 866 1710 occultata
887 1645 1009 1710 recitari
1031 1644 1178 1712 Tiberius
1199 1645 1308 1725 iussit,
1330 1669 1387 1734 pa-

353 1741 494 1806 tientiam
520 1738 672 1805 libertatis
698 1739 818 1804 alienae
845 1747 1006 1805 ostentans
1033 1747 1065 1804 et
1086 1748 1283 1827 contemptor
1310 1764 1386 1806 suae

352 1833 514 1912 infamiae,
529 1856 583 1898 an
607 1830 760 1898 scelerum
785 1830 893 1898 Seiani
915 1833 969 1898 diu
990 1833 1130 1911 nescius,
1158 1856 1233 1900 mox
1257 1856 1386 1918 quoquo

352 1929 447 1996 modo
465 1929 549 1994 dicta
565 1927 689 2013 vulgari
706 1925 843 1991 malebat
861 1927 1070 2011 veritatisque,
1090 1927 1142 1992 cui
1159 1927 1298 1995 adulatio
1316 1929 1387 1994 offi-

354 2023 409 2107 cit,
428 2046 484 2110 pcr
500 2022 616 2110 probra
633 2022 744 2088 saltem
761 2044 879 2108 gnarum
897 2021 973 2086 fieri.
996 2020 1097 2086 isdem
1115 2021 1227 2088 diebtm
1246 2019 1386 2088 Granius

353 2118 536 2184 Marcianus
552 2126 677 2184 senator
694 2139 713 2181 a
727 2114 765 2180 C.
782 2113 926 2180 Graccho
940 2115 1111 2181 maiestatis
1123 2115 1303 2201 postulatus
1320 2115 1386 2181 vim

354 2213 437 2278 vitae
455 2235 532 2278 suae
550 2212 665 2289 attulit,
685 2210 861 2294 Tariusque
879 2207 1064 2286 Gratianus,
1082 2218 1229 2294 praetura
1245 2209 1385 2288 functus,

353 2306 425 2392 lege
443 2306 553 2370 eadem
570 2314 744 2370 extremum
762 2304 804 2368 ad
821 2303 1008 2390 supplicium
1026 2303 1202 2368 damnatus.

302 2400 335 2446 45
417 2398 484 2464 Nec
502 2399 642 2483 dispares
661 2396 852 2464 Trebelliani
868 2397 943 2465 Rufi
961 2407 992 2462 et
1011 2395 1112 2463 Sextii
1128 2395 1303 2462 Paconiani
1320 2399 1386 2463 exi-

297 2465 340 2512 888)
331 2467 418 2557 ltus.
445 2515 519 2556 nam
541 2491 758 2556 Trebellianus
782 2515 840 2557 sua
861 2515 957 2577 manu
979 2491 1105 2569 cecidit,
1127 2491 1361 2556 Paconianus'
1352 2517 1385 2556 ιιι

297 2581 301 2592 “
352 2606 475 2650 carcerc
497 2584 537 2650 ob
561 2585 699 2650 carmina
714 2585 804 2650 illic
795 2608 829 2650 m
849 2586 1023 2672 principem
1044 2585 1185 2650 factitata
1207 2585 1387 2672 strangula-

352 2689 402 2744 tus
420 2688 478 2744 est
505 2677 584 2742 haec
602 2677 747 2743 Tiberius
762 2702 835 2745 ¹non
855 2681 949 2757 mari,
972 2689 1008 2746 ut
1024 2679 1113 2757 olim,
1137 2679 1257 2768 dispens
1280 2701 1385 2763 neque

351 2795 407 2859 per
419 2769 608 2860 longinquos
622 2773 749 2838 nuntios
763 2773 946 2860 accipiebat,
966 2775 1023 2840 sed
1036 2773 1146 2838 urbem
1160 2773 1256 2850 iuxta,
1272 2774 1386 2838 eodem

351 2876 386 2932 ut
407 2867 459 2933 die
481 2866 531 2932 vel
553 2866 654 2932 noctis
675 2866 839 2934 interiectu
860 2867 971 2932 litteris
998 2866 1162 2933 consulum
1187 2866 1384 2944 rescriberet,

351 2961 442 3046 quasi
464 2961 619 3048 aspiciens
641 2961 812 3028 undantem
829 2983 886 3047 per
907 2961 1018 3027 domos
1041 2961 1227 3048 sanguinem
1245 2968 1301 3024 aut
1319 2983 1385 3026 ma·

351 3081 411 3124 nus
430 3057 650 3124 carnificum.¹
827 3083 829 3088 ·

416 3152 496 3219 Fine
518 3175 592 3218 anm
581 3149 777 3238 Poppaeus
800 3123 939 3218 Sabinus
957 3149 1117 3224 concessit
1138 3149 1216 3226 vita,
1241 3149 1384 3214 modicus

352 3246 494 3332 originis,
525 3245 708 3355 principum
732 3245 869 3311 amicitia
899 3242 1096 3310 consulatum
1126 3264 1164 3308 ao
1195 3242 1385 3328 triumphale

242 3345 249 3356 ⁴
351 3340 447 3404 decus
470 3339 603 3423 adeptus
626 3339 835 3423 maximisque
856 3338 1025 3425 provinciis
1047 3359 1104 3423 per
1125 3345 1271 3420 quattuor
1288 3347 1321 3402 et
1338 3338 1386 3402 vi-

350 3430 430 3516 ginti
447 3452 546 3496 annos
558 3432 725 3517 inpositus,
743 3433 862 3497 nullam
880 3427 1082 3498 ob'eximiam
1095 3440 1203 3508 artem,
1223 3430 1281 3496 sed
1298 3432 1385 3516 quod

350 3545 408 3608 par
424 3523 558 3609 negotiis
577 3545 680 3606 neque
698 3546 794 3608 supra
810 3535 886 3591 erat.
985 3579 988 3587 ι

300 3624 332 3672 46
416 3617 550 3701 Qonnos
573 3619 740 3695 Parumne,
765 3617 839 3684 Sex.
863 3619 1007 3686 Parmos
1030 3621 1175 3688 consules
1198 3629 1383 3703 sequuntur.

296 3691 338 3740 88)
352 3738 389 3782 eo
407 3737 489 3780 anno
502 3735 605 3799 neque
618 3713 705 3800 quod
716 3715 758 3780 L.
772 3713 929 3782 Aruseius
943 3713 1008 3750 ''¹''
1022 3725 1122 3782 morte
1136 3713 1253 3780 adfecti
1270 3715 1383 3791 forent,

351 3809 557 3876 adsuetudine
575 3809 728 3876 malorum
744 3818 781 3874 ut
797 3817 888 3876 atrox
906 3809 1139 3887 advertebatur,
1159 3809 1216 3874 sed
1234 3809 1385 3874 exterruit

351 3905 437 3989 qnod
454 3904 632 3972 Vibulenus
648 3904 809 3992 Agrippa,
833 3927 930 3990 eques
947 3905 1126 3983 Romanus,
1150 3925 1223 3970 cum
1240 3925 1385 3989 peroras-

351 4008 422 4064 sent
439 4009 646 4080 accusatores,
665 4000 698 4065 in
715 4001 785 4088 ipsa
802 3999 889 4067 curia
901 4000 1122 4087 depromptum
1136 3998 1209 4065 sinu
1226 4018 1384 4062 venenum

350 4092 470 4171 hausit,
501 4095 730 4182 prolapsusque
756 4118 793 4162 ac
820 4095 1023 4163 moribundus
1054 4092 1211 4160 festinatis
1237 4091 1384 4158 lictorum

351 4186 496 4252 manibus
514 4188 547 4252 ia
570 4211 726 4256 carcerem
744 4200 852 4276 raptus
871 4199 933 4269 est,
957 4189 1129 4272 faucesque
1146 4187 1210 4252 iam
1228 4185 1382 4252 exanimis
