2958 4960
328 425 370 492 52
679 431 863 492 CORNELII
878 432 1005 490 TAOITI

946 556 950 567 .
1211 528 1213 534 ·
1243 533 1302 566 an.
1316 525 1370 564 769.

326 595 407 673 acie,
430 591 557 661 fortuna
578 590 680 676 magis
698 612 793 674 quam
815 590 914 656 virtus
936 589 1109 656 deserebat.
1137 598 1169 654 et
1187 586 1372 656 Germani-

326 711 382 755 cus
404 709 467 772 quo
489 686 590 774 magis
614 685 869 771 adgnosceretur,
898 686 1074 750 detraxerat
1099 685 1238 771 tegimen
1260 685 1371 770 capiti

326 781 497 866 orabatque
518 780 697 846 insisterent
722 778 885 844 caedibus:
912 779 956 844 nil
978 800 1058 864 opus
1080 778 1226 864 captivis,
1254 780 1370 846 solam

325 876 568 942 internecionem
593 872 696 960 gentis
717 872 813 940 finem
837 872 921 939 bello
942 871 1019 940 fore.
1050 872 1175 956 iamque
1198 894 1270 938 sero
1293 872 1369 938 diei

326 968 472 1038 subducit
497 991 536 1034 cx
562 968 627 1033 acie
653 966 809 1052 legionem
834 966 986 1032 faciendis
1013 965 1137 1031 eastris:
1164 974 1288 1032 ceterae
1319 967 1368 1032 ad

325 1076 448 1134 noctem
475 1084 584 1128 cruore
609 1061 747 1127 hostium
778 1059 907 1126 satiatae
934 1069 1015 1126 sunt.
1053 1059 1172 1144 equites
1203 1059 1368 1148 ambigue

326 1169 492 1226 certavere.
1206 1213 1208 1220 ,

275 1274 307 1320 aa
388 1250 543 1318 Laudatis
557 1272 614 1335 pro
628 1249 772 1314 contione
790 1248 960 1314 victoribus
975 1246 1096 1313 Caesar
1112 1247 1293 1334 congeriem
1306 1271 1365 1314 ar-

325 1369 447 1412 morum
465 1344 590 1421 struxit,
614 1343 750 1429 superbo
768 1365 840 1408 cum
858 1343 962 1409 titulo:
985 1341 1147 1408 debellatis
1169 1343 1251 1408 inter
1268 1342 1364 1408 Rhe-

324 1463 400 1506 num
421 1437 593 1520 Albimque
614 1437 792 1504 nationibus
815 1437 986 1502 exercitum
1008 1436 1127 1502 Tiberii
1145 1435 1294 1502 Caesaris
1317 1459 1363 1502 ea

324 1533 515 1599 monimenta
535 1531 633 1598 Marti
658 1540 690 1597 et
711 1532 781 1598 Iovi
808 1541 839 1596 et
859 1531 1010 1620 Augusto
1037 1531 1224 1598 sacravisse:
1252 1532 1293 1597 de
1320 1553 1360 1597 se

324 1626 401 1694 nihil
414 1625 541 1703 addidit,
555 1634 641 1691 metu
653 1626 790 1692 invidiae
803 1649 844 1691 an
856 1634 942 1691 ratus
956 1625 1178 1692 conscientiam
1192 1625 1269 1692 lacti
1278 1625 1359 1690 satis

325 1741 404 1786 esse.
426 1742 501 1785 mox
518 1719 635 1785 bellum
652 1720 686 1784 in
702 1718 909 1807 Angrivarios
926 1717 1075 1786 Stertinio
1092 1720 1229 1797 mandat,
1247 1720 1283 1785 ni
1300 1721 1361 1784 de-

325 1815 474 1880 ditionem
487 1813 752 1900 properavissent3
767 1823 861 1898 atque
874 1814 919 1879 illi
933 1814 1090 1900 supplices
1100 1812 1177 1880 nihil
1185 1813 1357 1880 abnuendo

325 1908 448 1974 veniam
466 1908 607 1974 omnium
625 1930 782 1995 accepere.

274 2024 307 2074 23
390 2001 456 2068 Sed
473 2011 591 2068 aestate
607 2003 672 2070 iam
689 2003 797 2069 adulta
813 2002 973 2088 legionum
991 2002 1070 2068 aliae
1087 2003 1196 2068 itinere
1214 2002 1356 2068 terrestri

323 2099 358 2163 in
379 2097 580 2164 hibernacula
601 2099 766 2176 remissam
792 2097 898 2183 plures
923 2096 1043 2163 Caesar
1068 2097 1163 2163 classi
1187 2097 1354 2182 impositas

325 2215 389 2278 per·
402 2192 519 2257 fiumen
535 2191 693 2257 Amisiam
712 2190 842 2258 Oceano
864 2192 992 2257 invexit.
1016 2213 1054 2257 ae
1070 2193 1172 2277 primo
1192 2191 1355 2277 placidum

326 2308 442 2369 aequor
458 2285 543 2351 mille
559 2286 688 2350 navium
704 2285 799 2350 remis
815 2294 952 2372 strepere
970 2295 1025 2350 aut
1041 2284 1120 2350 velis
1138 2285 1259 2370 inpelli:
1278 2307 1355 2350 mox
1469 2343 1470 2346 ,

326 2389 392 2446 atro
417 2378 549 2444 nubium
573 2379 669 2466 globo
695 2379 797 2445 effusa
818 2381 953 2466 grando,
982 2379 1076 2445 simul
1097 2379 1191 2444 variis
1212 2378 1355 2462 undique

324 2472 468 2558 procellis
486 2472 596 2537 incerti
616 2473 729 2537 fluctus
752 2483 953 2559 prospectum
974 2473 1125 2550 adimere,
1147 2472 1290 2559 regimen
1306 2473 1357 2538 in-

324 2566 445 2652 pedire3
472 2566 624 2651 milesque
645 2566 779 2651 pavidus
803 2576 835 2631 et
857 2589 988 2636 casuum
1008 2568 1104 2632 maris
1126 2567 1254 2653 ignauus
1277 2567 1357 2632 dum

327 2658 431 2725 turbat
452 2668 564 2725 nautas
586 2660 638 2725 vel
659 2659 878 2745 intempestive
900 2661 1000 2738 iuvat,
1027 2660 1133 2726 officia
1152 2659 1357 2745 prudentium

326 2751 553 2838 corrumpebat.
571 2775 663 2818 omne
672 2752 785 2818 dehinc
794 2754 916 2818 caelum
929 2764 960 2819 et
971 2776 1057 2820 marc
1070 2776 1161 2820 omne
1170 2753 1203 2818 in
1211 2762 1357 2819 austrum

326 2846 434 2925 cessit,
457 2847 511 2931 qui
529 2847 655 2912 tumidis
676 2845 864 2914 Germaniae
886 2848 990 2926 terris,
1013 2847 1356 2934 profundis'amnibus,

326 2941 480 3007 immenso
505 2940 635 3008 nubium
663 2951 763 3008 tractu
785 2942 907 3012 validus
931 2952 962 3007 et
983 2943 1086 3028 rigore
1107 2942 1203 3008 vicini
1229 2951 1358 3028 septen-

327 3035 435 3101 trionis
453 3035 607 3103 horridior
623 3036 726 3123 rapuit
744 3036 926 3121 disiecitque
944 3058 1041 3105 naves
1059 3036 1093 3100 in
1110 3045 1217 3121 aperta
1231 3033 1358 3102 Oceani

327 3139 381 3198 aut
401 3129 521 3197 insulas
544 3130 630 3200 saxis
656 3131 796 3216 abruptis
819 3130 870 3196 vel
890 3152 947 3216 per
964 3129 1087 3196 occulta
1111 3129 1194 3194 vada
1211 3129 1356 3196 infestas.

327 3224 440 3306 quibus
458 3224 587 3311 paulum
601 3247 756 3310 aegreque
774 3225 888 3301 vitatis,
906 3231 1075 3310 postquam
1087 3222 1230 3304 mutabat
1247 3233 1357 3290 aestus

327 3318 498 3400 eodemque
516 3340 579 3401 quo
596 3327 709 3382 ventus
726 3316 855 3395 ferebat,
874 3339 937 3384 non
954 3317 1122 3384 adhaerere
1140 3316 1273 3395 ancoris,
1291 3339 1357 3383 non

328 3408 491 3474 exhaurire
509 3409 714 3497 inrumpentis
732 3411 833 3476 undas
847 3419 999 3495 poterant:
1018 3411 1102 3496 equi,
1121 3412 1270 3489 iumenta,
1290 3433 1358 3478 sar-

327 3502 428 3578 cinae,
460 3501 554 3568 etiam
581 3525 668 3568 arma
692 3503 949 3589 praecipitantur,
980 3527 1044 3590 quo
1069 3505 1248 3570 levarentur
1273 3505 1357 3572 alvei

326 3604 488 3662 manantes
506 3616 563 3681 per
578 3595 677 3662 latera
694 3606 726 3661 et
742 3596 840 3664 fluctu
857 3609 1092 3686 supenrrgente.

276 3713 309 3762 at
393 3688 521 3773 Quanto
542 3689 707 3758 violentior
728 3699 832 3756 cetero
850 3693 928 3761 mari
947 3691 1095 3759 Oceanus
1119 3702 1150 3760 et
1168 3693 1357 3760 truculentia

328 3784 406 3852 caeli
429 3793 568 3870 praestat
591 3781 773 3862 Germania,
801 3793 922 3850 tantum
947 3786 1001 3852 illa
1027 3786 1132 3853 clades
1158 3786 1298 3853 novitate
1325 3797 1357 3852 et

326 3879 541 3967 magnitudine
563 3879 712 3958 excessit,
738 3877 905 3946 hostilibus
931 3879 1049 3947 circum
1070 3880 1212 3948 litoribus
1235 3890 1290 3946 aut
1311 3880 1357 3951 ita

327 3984 417 4040 vasto
437 3971 497 4060 [et]
515 3974 680 4061 profundo,
699 3982 735 4039 ut
752 3973 895 4040 credatur
906 3974 1113 4041 novissimum
1127 3997 1165 4041 ac
1182 3974 1250 4040 sine
1263 3973 1356 4040 terris

327 4089 422 4132 mare.
445 4089 518 4152 pars
535 4068 662 4134 navium
679 4067 810 4134 haustae
824 4076 905 4145 sunt,
923 4068 1029 4153 plures
1047 4069 1132 4155 apud
1149 4067 1269 4134 insulas
1286 4067 1356 4133 lon-

328 4159 399 4245 gius
415 4160 491 4226 sitas
506 4160 621 4228 eiectae
635 4162 787 4246 milesque
805 4160 891 4228 nullo
904 4161 968 4230 illic
986 4162 1148 4228 hominum
1166 4161 1252 4228 cultu
1268 4160 1355 4228 lame
