2966 4960
516 467 637 512 sculcula
655 467 873 514 commuto.
1189 466 1239 514 LV
1292 471 1296 476 '

141 581 284 649 alacrem,
304 579 365 633 suis
378 579 492 649 legibus
503 585 687 650 constantem,
706 589 781 636 certo
798 580 878 636 brevi
897 580 1074 651 sequentium
1095 579 1237 636 mentione

140 655 207 704 arte
221 665 290 702 vero
306 653 336 702 et
349 646 500 718 diligentia
513 647 613 703 eximia
631 649 687 703 ela·
705 649 871 718 interposita
881 649 974 718 efficit,
988 655 1021 703 ut
1030 665 1102 719 quac
1111 655 1237 718 temporo

142 719 278 772 boratam
296 721 327 770 et
343 732 396 785 pro
415 731 509 769 rerum
523 716 687 772 diversitate
704 717 832 787 locisque
860 717 1000 771 disiuncta
1026 723 1103 784 sunt,
1131 716 1236 785 cogita-

141 785 267 852 variam,
286 783 436 838 sententiis
451 790 481 838 et
493 781 591 853 figuris
605 801 686 838 orna·
703 787 781 839 tione
791 793 885 840 tamen
895 784 1067 838 etmemoria
1076 785 1161 840 facilc
1172 801 1236 838 con-

140 861 206 908 tam
231 859 261 906 et
288 851 466 919 distinctam,
493 853 620 906 acumine
646 853 686 906 in-
704 853 752 907 iun
776 853 782 865 '
818 858 906 907 ueant
919 854 953 923 (l,
962 853 1005 906 58.
1018 852 1068 922 lV,
1077 853 1120 905 31.
1131 853 1172 906 71.
1186 853 1237 920 v1,

139 922 276 1044 {mun
290 919 687 1058 ..aimundum
704 871 1238 1059 emissenam

445 1028 452 1054 l

141 1056 324 1126 cogitatione
342 1055 499 1126 legentium
516 1057 624 1111 animos
638 1057 686 1112 ab·
705 1063 784 1127 sunt,
812 1059 878 1111 dum
899 1057 984 1112 modo
1002 1072 1048 1110 res
1067 1055 1237 1110 domesticas

141 1127 267 1192 ducant,
287 1125 339 1178 sed
359 1140 486 1178 severam
504 1131 533 1179 et
550 1124 687 1194 composi·
704 1125 892 1196 persequitur,
906 1125 991 1178 modo
1001 1123 1079 1180 bella
1088 1123 1118 1176 in
1127 1123 1236 1192 provin-

140 1203 220 1260 tam,
238 1208 314 1264 quae
333 1192 456 1263 denique
472 1209 641 1262 generosum
658 1198 688 1246 et
705 1194 756 1248 ciis
779 1198 862 1263 gesta
883 1192 1011 1263 aliasque
1033 1207 1080 1245 res
1107 1197 1237 1246 externas

141 1261 319 1331 prudentem
346 1260 492 1330 scriptoris
514 1261 636 1316 animum
658 1266 687 1315 et
704 1257 1237 1331 enarratnontamenautnimisdiuin

142 1335 270 1384 testetur
284 1334 315 1382 et
328 1330 513 1383 commendet.
611 1340 617 1356 ⁸
703 1326 1236 1400 unogeneremoraturoutnimisfesti·

181 1397 317 1468 Denique
326 1397 399 1450 sicut
407 1396 436 1449 in
446 1395 564 1467 singulis
574 1402 685 1452 senten·
704 1398 972 1452 nanteraddiversa
984 1395 1130 1463 transsilit,
1146 1410 1237 1465 eoque

143 1464 197 1520 tiis
206 1481 300 1520 rerum
309 1465 515 1536 verborumque
526 1466 595 1519 ordo
604 1482 685 1535 prae·
703 1467 787 1520 modo
798 1472 828 1520 et
835 1465 959 1522 taedium
968 1464 1123 1536 legentium
1129 1463 1238 1518 devitat

143 1533 243 1587 clarus
253 1538 307 1601 est,
315 1531 356 1586 ita
365 1532 450 1586 etiam
459 1534 580 1588 maiores
588 1539 685 1603 partes
704 1551 757 1588 nec
770 1539 968 1603 exspectantes
987 1532 1080 1588 subito
1099 1531 1236 1598 destituit,

142 1601 234 1656 facile
248 1601 496 1656 animadvertimus
510 1607 685 1656 summaarte
705 1603 755 1656 sed
773 1603 858 1658 efficit
872 1609 905 1656 ut
923 1617 1060 1671 suspenso
1080 1616 1190 1669 sempor
1208 1607 1237 1654 et

144 1685 212 1724 esse
231 1685 266 1722 ex
288 1675 446 1739 temporum
469 1669 567 1724 ordine
585 1677 616 1724 et
631 1687 684 1739 pro
704 1675 813 1725 attento
836 1671 929 1725 animo
952 1678 1119 1740 sequantur3
1150 1674 1236 1737 atquo

143 1753 242 1791 rerum
258 1743 362 1790 natura
378 1753 431 1806 per
447 1737 536 1791 libros
551 1738 685 1808 digestus.
703 1738 744 1792 ita
757 1755 809 1808 per
821 1739 915 1792 varias
929 1744 1026 1809 partes
1038 1737 1193 1807 prudentor
1207 1741 1237 1790 et

143 1806 221 1861 Nam
235 1805 314 1876 quod
327 1805 507 1875 Thucydidis
522 1813 552 1860 et
563 1807 684 1860 aliorum
704 1806 810 1861 electas
828 1812 857 1860 et
870 1806 1024 1875 dispositas
1038 1801 1163 1860 absolvit
1175 1802 1235 1856 uni-

144 1874 302 1926 multorum
316 1875 445 1942 exemplo
460 1873 579 1928 formam
597 1891 684 1929 anna·
702 1891 813 1929 versam
823 1874 901 1928 illam
911 1872 1056 1928 servitutis
1065 1870 1236 1938 memoriam,

143 1941 216 1994 lium
226 1941 273 2012 qui
283 1941 397 2021 proprie
407 1942 539 1995 dicuntur
547 1943 684 1997 hactenus
703 1943 870 1997 admirabile
884 1958 956 2012 opus
970 1946 1000 1995 et
1009 1957 1104 2008 unum,
1119 1939 1198 1992 cuius
1208 1947 1237 1992 et

143 2010 266 2064 retinuit
276 2011 404 2078 Tacitus,
419 2016 452 2062 nt
460 2010 489 2063 in
499 2027 578 2064 suum
588 2027 683 2081 quam
703 2011 791 2065 totius
819 2026 893 2080 quae
922 2025 1029 2063 summa
1056 2007 1093 2061 sit
1113 2012 1143 2060 et
1164 2021 1236 2074 quac

145 2093 205 2156 que
218 2093 277 2131 rem
292 2093 397 2130 annum
410 2077 542 2144 referret,
560 2078 590 2132 id
608 2081 684 2148 quod
722 2078 794 2131 rima
810 2076 945 2146 partitio,
966 2092 1052 2146 supra
1068 2075 1187 2142 exposui
1208 2090 1236 2142 p.

146 2145 205 2198 arbi
223 2145 395 2200 destinatum
412 2146 498 2200 essai
520 2163 551 2200 se
563 2151 684 2200 testatur
762 2146 805 2198 lll
816 2160 878 2215 sqq.

145 2213 484 2284 Ann.IV,ll.-nequei
514 2213 684 2270 minusfecit

145 2282 178 2334 in
191 2281 325 2335 Historiis
345 2298 430 2352 quam
443 2281 682 2337 iuAnnalibus—
735 2282 838 2336 Restat
846 2280 1004 2348 hocunum,
1014 2284 1048 2333 ut
1076 2294 1113 2332 ua
1122 2275 1237 2332 fortuna

145 2365 206 2403 non
225 2350 397 2403 credendum
411 2356 456 2404 est
469 2350 521 2404 arti
540 2350 683 2420 scriptoris
702 2349 796 2405 Taciti
806 2353 1070 2418 operapertotscou
1084 2345 1236 2413 ausasint,

146 2417 325 2488 diligentiam
352 2435 415 2472 eam
437 2418 564 2487 officere3
590 2435 683 2489 neque
700 2418 799 2488 paucis
814 2433 1034 2472 commemorem.
1055 2415 1094 2468 At
1115 2432 1151 2470 ue
1164 2414 1236 2469 inter

147 2486 224 2539 enim
238 2485 373 2556 discerpit
386 2488 531 2544 materiam
546 2487 596 2541 scd
611 2488 683 2542 ordi·
701 2487 827 2542 eiusdem
849 2486 963 2556 quidem
984 2484 1086 2540 aetatis
1129 2483 1236 2538 omines

145 2560 206 2623 nat
215 2571 308 2625 neque
318 2571 456 2608 annorum
466 2554 682 2625 descriptionem
702 2556 785 2627 quale
793 2556 831 2610 -de
845 2555 880 2608 iis
892 2553 1026 2608 iudicium
1039 2553 1138 2622 fuerit,
1156 2553 1235 2606 nullo

146 2623 189 2678 ita
202 2639 255 2692 pro
270 2623 566 2692 summalegehabet,
580 2629 683 2678 utnon
701 2623 861 2678 testimonio
893 2621 1108 2692 cognoscimns3
1144 2621 1236 2674 conie-

147 2690 313 2760 diligentius
328 2691 414 2745 etiam
423 2708 486 2745 eum
497 2692 623 2746 ordinem
634 2692 683 2746 ob·
702 2698 781 2746 ctura
795 2697 890 2746 autem
903 2691 980 2745 haud
993 2689 1189 2759 improbabilis
1200 2689 1237 2742 sit

146 2765 251 2826 servet,
286 2759 314 2812 ui
328 2759 413 2813 rebus
426 2759 496 2828 ipsis
509 2760 592 2814 inest.
619 2761 682 2824 Quo
700 2777 758 2814 non
767 2760 895 2830 potuisse
905 2759 1057 2822 admodum
1066 2759 1180 2828 placere
1194 2756 1236 2809 illi

147 2826 189 2894 lit,
202 2833 236 2880 ut
248 2777 384 2880 librorum
397 2826 483 2882 finem
492 2844 578 2908 saepe
587 2845 645 2882 non
654 2829 683 2882 in
701 2829 788 2883 aetati
800 2835 858 2882 tam
867 2827 999 2882 acerbam
1009 2831 1038 2880 ct
1047 2841 1173 2880 severam
1182 2824 1236 2878 vir-

146 2895 216 2949 anui
233 2893 291 2948 fine
310 2895 467 2950 constituat
484 2897 535 2950 sed
548 2913 578 2950 m
591 2913 625 2952 eo
639 2913 682 2951 re·
701 2901 802 2965 tutem3
828 2913 864 2950 ac
881 2896 1001 2950 Tacitus
1022 2892 1084 2963 ipse
1110 2893 1235 2946 indicare

147 2981 209 3016 rum
236 2969 383 3032 gestarum
409 2964 542 3033 articulo,
569 2964 598 3018 in
626 2983 682 3036 quo
701 2965 812 3019 videtur
833 2964 909 3018 haud
930 2977 1038 3031 paucos
1057 2960 1238 3014 historiarum

147 3031 332 3102 acquiescere
345 3031 535 3086 narrationem
548 3049 600 3101 par
613 3040 682 3088 erat.
701 3049 812 3086 suarum
822 3031 1041 3100 reprehensores
1056 3028 1237 3094 excitusque

147 3100 250 3169 ltaque
260 3116 297 3152 ne
308 3100 344 3153 de
353 3099 486 3154 Historiis
501 3101 601 3181 dicam,
615 3119 682 3183 qua·
700 3101 797 3169 itaque
811 3098 867 3152 iam
880 3104 939 3150 tum
952 3111 1032 3149 raros
1046 3095 1134 3148 fuisse
1149 3094 1236 3172 credi-

147 3167 268 3238 rumqui
278 3174 431 3236 supersunt
443 3168 509 3223 libri
523 3170 560 3224 ob
570 3187 683 3224 nimiam
701 3168 759 3223 bile
773 3171 830 3232 est,
849 3165 897 3236 qui
911 3169 1017 3217 tantam
1034 3167 1235 3231 praestantram
1257 3205 1264 3214 .

147 3252 241 3290 rerum
249 3235 353 3289 molem
367 3236 537 3306 singularem
545 3237 683 3292 rationem
701 3236 901 3304 intellegerent
909 3239 938 3286 ct
951 3237 1028 3286 recte
1043 3229 1236 3296 aestimarent3

147 3303 269 3372 habent,
291 3303 323 3356 in
339 3302 499 3359 Annalibus
520 3305 622 3360 librum
639 3305 684 3360 Xl
702 3302 886 3374 sequentibus
899 3317 966 3354 vero
981 3297 1155 3369 temporibus
1174 3313 1236 3352 cum

147 3373 176 3426 in
198 3371 385 3442 Messalinae,
413 3373 484 3428 XlV
501 3373 531 3427 in
548 3374 682 3428 Octaviae
700 3373 860 3426 Frontones
890 3375 1042 3440 regnarent
1073 3372 1102 3422 et
1128 3365 1236 3446 servilis

146 3445 250 3508 morte,
278 3439 336 3496 XV
354 3441 383 3494 in
401 3457 538 3510 oppressa
555 3442 683 3496 coniurs-
700 3441 857 3510 priscorum
875 3441 1042 3509 scriptorum
1059 3435 1179 3491 imitatio
1196 3453 1235 3488 m-

146 3508 224 3563 sione
242 3507 400 3564 Pisoniana
418 3511 590 3578 terminarit3
616 3510 683 3564 item
702 3512 816 3578 grueret
825 3513 854 3562 et
866 3512 1002 3577 tanquam
1015 3504 1100 3560 effeta
1108 3504 1237 3559 Romana

147 3575 287 3631 librumV
305 3576 334 3630 in
348 3575 457 3645 Seiani,
475 3577 517 3633 Vl
535 3578 564 3631 in
574 3577 683 3632 Tiberii
703 3577 815 3631 civitate
837 3575 938 3630 fertilis
962 3573 1069 3644 ingenii
1090 3573 1182 3643 gloria
1199 3573 1236 3626 ad

147 3645 225 3698 exitu
246 3642 344 3697 finitos
367 3662 431 3699 esse
453 3645 602 3715 probabile
625 3651 682 3714 est3
701 3644 890 3714 provinciales
900 3643 1028 3697 homines
1038 3640 1180 3707 transiret,
1190 3640 1236 3693 de-

146 3712 203 3765 sid.
213 3713 279 3766 adn.
288 3712 349 3767 350.
370 3713 524 3768 Praeterea
533 3714 583 3768 ubi
596 3731 682 3768 anuo·
701 3713 786 3782 nique
801 3711 958 3780 historicis,
979 3710 1002 3763 si
1016 3725 1102 3761 unum
1114 3706 1235 3760 Ammia-

148 3795 209 3832 rum
223 3781 367 3850 separatio
377 3781 537 3850 importune
547 3783 631 3840 rebus
641 3782 682 3836 in·
701 3799 767 3835 num
777 3779 985 3844 Marcellinum,
1004 3791 1136 3855 graecum
1150 3773 1236 3827 homi·

147 3855 313 3902 terrentura
331 3854 405 3919 crat,
424 3855 475 3903 aut
491 3855 635 3920 tamquam
652 3851 682 3904 in
701 3865 774 3917 nem,
790 3847 923 3916 excipias,
938 3847 1149 3921 tamrmmmuta
1157 3859 1236 3898 mens

147 3917 313 3986 parenthesi
322 3933 413 3972 novos
424 3919 554 3972 consules
565 3935 683 3974 comme·
701 3922 778 3971 osset
786 3920 818 3968 ut
828 3912 1025 3968 etSuetonium
1036 3910 1236 3981 sibrtamquam

147 3991 239 4038 morat
256 3985 321 4057 (ΠΙ,
335 3985 377 4056 2),
396 3994 447 4040 aut
464 3988 582 4040 duorum
596 3993 682 4058 atque
701 3982 1235 4050 summumexemplumproponerent³al

148 4052 232 4106 ctiam
250 4053 373 4122 plurium
390 4070 527 4108 annorum
549 4072 594 4108 res
617 4071 682 4108 con·
704 4070 872 4084 -·····

147 4120 240 4200 imigit
249 4121 359 4193 (Visst.
370 4121 560 4202 Xfflsiigxsss
570 4122 625 4196 40),
636 4127 685 4201 am
727 4106 765 4196 iii
782 4101 1099 4204 iiiiiii'piio.⁰in⁸1iio⁰uio⁷ci
1108 4155 1128 4194 2.
1146 4159 1168 4195 rt
1182 4153 1235 4194 milri

147 4189 195 4244 llbl
212 4190 242 4244 ld
261 4191 408 4246 commode
430 4189 490 4246 fieri
509 4207 566 4246 nou
583 4195 684 4260 potuit,
702 4206 787 4260 quidum
799 4205 821 4247 id
830 4205 898 4248 criasi
907 4204 962 4257 [rsit.
976 4215 1016 4246 riou
1027 4211 1049 4247 ul
1060 4203 1186 4254 Sallustios,
1200 4204 1236 4245 ts-
