3042 4956
289 421 297 438 '
329 443 539 502 Αιιιιιιιιιιι
556 443 631 499 nia.
645 445 695 500 vi.
713 445 788 500 sr-
792 445 835 500 ro
853 446 996 522 (ιι-34)
1114 438 1173 503 171

141 537 308 590 acaum

208 604 366 689 Cupitum
383 603 418 667 id
426 601 568 669 Tiberio:
587 611 677 668 ornat
684 599 843 668 Phraaten
860 605 1057 692 accingitque
1073 617 1177 693 pater-
1195 612 1228 660 38

141 723 220 765 num
240 699 283 763 ad
301 697 476 783 fastigium,
495 696 651 762 destinata
667 696 815 774 retinens,
834 699 971 765 consiliis
989 711 1021 766 et
1037 712 1109 767 astu
1124 727 1176 769 res
1190 680 1233 726 (⁸²)

141 805 293 860 externas
312 791 429 869 moliri,
453 815 540 856 arma
561 790 670 877 procul
688 790 814 858 habere.
845 793 964 859 interea
981 796 1113 881 cognitis
1131 799 1178 861 in-

141 889 233 954 sidiis
256 885 444 951 Artabanus
467 885 583 950 tardari
604 893 704 962 metu,
732 886 826 951 modo
854 887 1000 972 cupidine
1022 889 1177 955 vindictae

140 983 361 1048 inardescere:
389 989 420 1045 et
437 978 578 1045 barbaris
596 980 753 1044 cunctatio
777 981 913 1059 servilis,
941 982 1047 1048 statim
1065 985 1178 1066 exequi

141 1077 268 1163 regium
290 1075 430 1140 videtur:
457 1073 555 1138 valuit
576 1082 682 1138 tamen
704 1073 836 1152 utilitas,
863 1085 899 1139 ut
919 1074 1051 1142 Abdum
1074 1077 1178 1162 specie

142 1170 304 1236 amicitiae
320 1176 469 1234 vocaturn
487 1168 528 1232 ad
545 1169 654 1252 epulas
676 1167 762 1234 lento
780 1191 901 1235 veneno
923 1170 1081 1257 inligaret,
1106 1169 1178 1238 Sin-

140 1287 246 1330 nacen
262 1261 514 1328 dissimulatione
532 1284 570 1327 ac
587 1262 693 1339 donis,
713 1262 808 1326 simul
824 1285 881 1348 per
897 1265 1025 1350 negotia
1042 1287 1178 1332 morare·

141 1371 203 1424 tur.
228 1368 261 1424 et
277 1357 435 1422 Phraates
452 1357 537 1442 apud
547 1354 674 1442 Syriam
691 1356 768 1420 dum
785 1358 903 1424 omisso
922 1358 1009 1424 cultu
1021 1359 1176 1438 Romano,

140 1454 194 1518 cui
210 1476 270 1538 per
289 1462 338 1517 tot
360 1473 458 1516 annos
480 1451 672 1528 insueverat,
699 1450 842 1516 instituta
863 1449 1053 1518 Parthorum
1071 1454 1176 1531 sumit,

140 1547 252 1633 patriis
272 1545 414 1612 moribus
431 1545 533 1630 impar
549 1544 659 1612 morbo
677 1543 863 1631 absumptus
881 1555 939 1612 est.
971 1548 1027 1613 sed
1049 1548 1177 1612 nonTi-

140 1642 248 1708 berius
268 1639 378 1706 omisit
394 1639 532 1724 incepta:
551 1639 725 1703 Tiridatem
739 1640 901 1726 sanguinis
916 1641 1057 1708 eiusdem
1070 1665 1177 1708 aemu-

140 1736 207 1801 lum
229 1733 414 1811 Artabano,
440 1734 724 1818 reciperandaeque
741 1731 912 1800 Armeniae
933 1735 1090 1802 Hiberum
1112 1735 1176 1801 Mi-

141 1831 301 1896 thridaten
314 1828 424 1914 deligit
436 1827 643 1912 conciliatque
661 1828 749 1892 fratri
756 1827 973 1906 Pharasmani,
992 1830 1047 1913 qui
1059 1829 1176 1916 gentile

141 1925 310 2011 imperium
330 1922 504 2001 obtinebat3
523 1931 554 1986 et
572 1922 692 1988 cunctis
710 1944 792 2006 quae
809 1923 894 2008 apud
904 1921 1069 1988 Orientem
1086 1945 1177 2008 para»

141 2019 257 2084 bantur
277 2018 322 2082 L.
346 2015 509 2082 Vitellium
530 2015 690 2102 praefecit
722 2037 763 2080 eo
783 2016 823 2080 de
849 2015 976 2080 homine
998 2015 1084 2080 haud
1106 2037 1178 2080 sum

141 2111 272 2198 ignarus
292 2109 453 2176 sinistram
470 2109 503 2173 in
520 2110 597 2175 urbe
615 2109 749 2186 famam,
776 2108 926 2194 pleraque
948 2109 1042 2174 foeda
1059 2130 1177 2172 memo-

140 2206 216 2284 raii;
235 2214 382 2270 ceterum
393 2203 540 2289 regendis
553 2203 723 2289 provinciis
741 2202 846 2286 prisca
863 2202 977 2268 virtute
996 2202 1074 2288 egit:
1093 2201 1177 2266 unde

141 2319 308 2386 regressus
336 2306 368 2361 et
389 2296 554 2362 formidine
574 2295 612 2362 C.
633 2295 795 2374 Caesaris,
822 2296 1033 2362 familiaritate
1051 2294 1178 2361 Claudii

142 2403 232 2478 turpe
250 2392 286 2456 in
305 2391 468 2456 servitium
486 2401 624 2480 mutatus¹
648 2392 808 2476 exemplar
829 2392 915 2478 apud
937 2401 1080 2478 posteros
1099 2391 1177 2455 adu-

142 2488 245 2554 latorii
267 2486 433 2552 dedecoris
455 2486 601 2564 habetur,
629 2495 852 2570 cesseruntque
874 2488 976 2572 prima
997 2485 1174 2574 postremis,

143 2592 172 2646 et
188 2581 303 2648 bona'
293 2591 441 2646 iuventae
460 2591 605 2646 senectus
623 2581 780 2667 flagitiosa
797 2581 995 2648 oblitteravit.

203 2675 253 2741 At
271 2697 314 2740 ex
330 2675 448 2760 regulis
465 2676 550 2760 prior
563 2674 1023 2742 MithridatesPharasmanem
1036 2675 1223 2788 perpulit(8³
1194 2675 1226 2723 99

143 2769 215 2834 dolo
233 2779 266 2834 et
284 2768 318 2832 vi
335 2779 465 2834 conatus
484 2790 559 2834 suos
581 2769 699 2847 iuvare,
716 2771 893 2854 repertique
904 2781 1103 2857 corruptores
1118 2742 1198 2834 mi(

143 2863 258 2928 nistros
272 2861 405 2927 Arsacis
423 2862 522 2928 multo
539 2885 616 2928 auro
632 2864 674 2928 ad
692 2864 795 2928 scelus
809 2874 941 2948 ocgimt3
960 2863 1054 2928 simul
1062 2863 1177 2928 Hiberi

143 2957 268 3043 magnis
289 2956 387 3041 copiis
400 2954 611 3022 Armeniam'
602 2966 785 3042 inrumpunt
803 2965 835 3020 et
851 2956 929 3021 urbe
947 2955 1105 3020 Artaxata
1119 2977 1177 3040 po-

144 3052 272 3116 tiuntur.
296 3071 379 3133 quae
396 3061 564 3136 postquam
581 3050 748 3116 Artabano
766 3051 906 3136 cognita,
924 3049 1025 3115 filium
1035 3048 1177 3116 Orodem

144 3146 280 3212 ultorem
301 3154 407 3229 parat;
434 3146 488 3211 dat
504 3145 695 3212 Parthorum
718 3145 840 3230 copias,
867 3145 963 3208 mittit
985 3144 1040 3228 qui
1062 3143 1178 3208 auxilia

145 3240 291 3306 mercede
308 3239 461 3318 facerent3
481 3249 588 3306 contra
596 3240 828 3304 Pharasmanes
842 3239 1013 3324 adiungere
1021 3235 1176 3314 Albanos,

145 3335 245 3399 accire
255 3331 431 3411 Sarmatas,
446 3357 579 3418 quorum
592 3333 755 3420 sceptuchi
767 3333 923 3417 utrimque
937 3332 1026 3398 donis
1041 3331 1177 3417 acceptis

146 3449 230 3494 more
242 3426 372 3514 gentico
386 3427 512 3492 diversa
521 3428 660 3493 induere.
688 3427 745 3492 sed
753 3427 868 3493 Hiberi
878 3427 1020 3494 looomm
1033 3435 1177 3514 potentes

147 3519 267 3607 Caspia
288 3521 343 3586 via
361 3519 541 3587 Sarmatam
562 3522 595 3586 in
613 3519 783 3588 Armenios
805 3523 920 3608 raptim
938 3521 1114 3588 effundunt.
1146 3532 1178 3587 at

146 3619 198 3700 qui
214 3616 346 3682 Parthis
365 3616 590 3695 adventabant,
609 3617 702 3682 facile
720 3617 919 3696 arcebantur,
943 3639 1016 3682 cum
1034 3617 1112 3680 alios
1130 3616 1178 3680 in-

147 3733 254 3778 cessus
272 3710 374 3776 hostis
392 3711 567 3789 clausisset,
585 3734 684 3776 unum
700 3710 865 3795 reliquum,
884 3733 970 3776 mare
985 3711 1066 3774 inter
1078 3717 1110 3772 et
1123 3730 1178 3771 ex-

147 3813 261 3870 tremos
282 3803 482 3870 Albanorum
504 3814 640 3884 montes,
668 3815 771 3871 aestas
793 3804 974 3889 impediret,
1001 3801 1076 3885 quia
1097 3799 1178 3862 flati-

147 3896 204 3963 bus
226 3898 399 3964 etesiarum
419 3898 551 3985 implent
551 3923 589 3964 ur
610 3900 706 3968 vada.
737 3898 887 3962 hibernus
915 3907 1021 3960 auster
1046 3891 1178 3958 revolvit

147 3992 275 4071 fluctus,
293 3983 450 4078 pulsoque
468 3995 619 4060 introrsus
642 3994 722 4059 freto
740 3992 849 4058 brevia
866 3990 993 4057 litorum
1010 3989 1176 4054 nudantur.

148 4086 270 4152 interim
290 4085 422 4154 Oroden
440 4089 596 4155 sociorum
618 4088 745 4172 inopem
767 4094 878 4150 auctus
902 4083 1019 4149 auxilio
1040 4082 1177 4148 Pharas-
1195 4081 1228 4127 49

149 4202 255 4248 inanes
278 4203 393 4248 vocare
411 4183 453 4247 ad
473 4203 614 4269 pugnam
637 4192 668 4246 et
655 4179 937 4246 t'detrectantem
927 4201 1098 4258 incessere,
1122 4148 1232 4243 ιιι-(Μ)
