2958 4960
394 461 600 520 ANNALIUM
618 461 692 518 LIB.
710 461 885 518 nav-60.
1100 453 1150 518 ’69

120 555 276 606 samm

118 622 296 708 pciopolim,
320 619 455 687 Ciliciae
473 619 660 685 maritimam
678 619 800 698 urbem,
819 631 942 687 amotus
961 633 1021 688 est:
1040 623 1148 688 datum

116 717 145 779 id
160 740 222 782 non
240 716 345 781 modo
370 714 515 802 precibus
533 713 688 778 Artabani
711 715 766 778 sed
789 715 994 780 contumeliae
1012 716 1148 795 Pisonis,

119 811 161 873 mi
185 809 397 896 gratissimus
424 817 491 874 erat
517 807 557 872 ob
582 807 717 893 plurima
742 808 848 874 officia
870 818 901 873 et
927 809 1010 875 dona
1035 811 1148 895 quibua

116 903 298 968 Plancinam
318 903 515 967 devinxerat.

172 997 220 1062 M.
237 995 377 1074 Snauo,
394 997 436 1060 L.
451 995 598 1060 Noasauo
617 996 799 1063 consulibus
819 994 1027 1063 Germanicus
1039 996 1150 1085 Aegy-
1168 1022 1199 1070 ss

115 1102 197 1175 ptum
209 1089 431 1176 proficiscitur
443 1091 679 1176 cognoscendae
697 1091 904 1176 antiquitatis3
922 1093 980 1157 sed
992 1115 1067 1158 cura
1077 1116 1150 1179 pro-

116 1185 230 1250 vinciae
251 1183 538 1271 praetendebatur:
564 1183 741 1268 levavitque
763 1186 878 1271 apertis
904 1186 1024 1251 horreis
1051 1189 1150 1272 pretia

116 1279 252 1365 frugum,
277 1279 446 1362 multaque
464 1278 497 1342 in
514 1278 628 1364 vulgus
651 1289 741 1365 grata
762 1280 938 1365 usurpavit:
962 1281 1030 1346 sine
1052 1280 1149 1346 milite

115 1371 271 1451 incedere,
291 1373 432 1459 pedibus
450 1371 573 1436 intectis
592 1383 624 1438 et
639 1373 708 1458 pari
726 1396 796 1438 cum
816 1371 946 1439 Graecis
965 1374 1090 1452 amictu,
1108 1374 1148 1440 P.
1214 1458 1221 1464 ι

119 1464 272 1552 Scipionis
293 1467 522 1544 aemulatione,
546 1487 640 1548 quem
658 1467 768 1533 eadem
784 1467 977 1534 factitavisse
994 1469 1079 1554 apud
1098 1466 1149 1534 si-

118 1559 228 1638 ciliam,
253 1561 408 1644 quamvis
426 1560 577 1646 flagrante
593 1559 699 1626 adhuc
716 1560 894 1627 Poenorum
911 1562 1008 1640 bello,
1027 1563 1148 1648 accepi-

117 1677 190 1719 mus.
221 1656 380 1722 Tiberius
403 1655 489 1722 cultu
515 1654 686 1739 habituque
708 1657 775 1721 eius
796 1656 920 1722 lenibus
946 1657 1050 1724 verbis
1075 1679 1147 1742 per-

119 1749 218 1815 stricto
242 1750 400 1816 acerrime
426 1749 579 1835 increpuit
603 1749 687 1834 quod
711 1761 818 1816 contra
843 1751 985 1818 instituta
1007 1751 1148 1838 Augusti

117 1863 175 1906 non
192 1853 310 1929 sponte
334 1844 483 1929 principis
500 1843 727 1910 Alexandriam
747 1845 920 1911 introisset:
943 1868 1017 1910 nam
1033 1843 1149 1936 Augus

120 1947 180 2003 stus
201 1940 286 2005 inter
310 1940 375 2005 alia
399 1938 619 2004 dominationis
642 1961 756 2004 arcana
781 1940 884 2005 vetitis
911 1940 972 2004 nisi
992 1939 1148 2024 permissu

120 2029 235 2118 ingredi
257 2033 460 2100 senatoribus
483 2043 537 2114 aut
554 2032 711 2117 equitibus
728 2034 882 2098 Romanis
899 2033 1081 2097 inlustribus
1100 2053 1149 2097 se-

120 2128 219 2209 posuit
235 2130 442 2216 Aegyptum,
464 2128 607 2193 nasama
629 2139 755 2215 urgeret
772 2128 896 2193 Italiam
919 2127 1060 2210 quisquis
1079 2149 1149 2191 cam

121 2221 313 2302 provinciam
326 2223 523 2306 claustraque
537 2230 636 2288 terrae
650 2245 688 2288 ac
702 2223 808 2300 maris,
827 2221 971 2306 quamvis
984 2220 1047 2286 levi
1058 2243 1149 2306 prae-

123 2313 195 2380 sidio
216 2318 391 2383 adversum
412 2317 556 2404 ingentes
583 2319 753 2396 exercitus,
780 2317 957 2383 insedisset.
990 2315 1046 2383 sed
1068 2313 1149 2381 Ger·
1167 2337 1198 2384 eo

122 2410 272 2492 manicus,
301 2412 443 2476 nondum
469 2421 629 2498 comperto
653 2412 878 2498 profectionem
904 2435 974 2478 eam
999 2412 1146 2489 incusari,

124 2499 188 2567 Nilo
205 2505 457 2583 subvehebatur,
480 2529 569 2572 orsus
589 2507 704 2592 oppido
722 2530 742 2572 a
760 2506 905 2593 Canopo:
929 2507 1095 2572 condidere
1113 2505 1148 2571 id

125 2591 266 2680 Spartani
285 2599 328 2665 ob
346 2599 503 2685 sepultum
521 2600 584 2665 illio
601 2608 754 2666 rectorem
771 2602 861 2666 navis
881 2600 1060 2687 Canopum,
1084 2621 1148 2684 qua

126 2696 305 2776 tempestate
314 2693 481 2758 Menelaus
497 2691 664 2760 Graeciam
675 2705 821 2780 repetens
835 2695 993 2762 diversum
1007 2695 1048 2759 ad
1060 2715 1147 2758 mare

126 2789 294 2871 terramque
316 2787 455 2873 Libyam
477 2789 615 2853 deiectus
640 2785 722 2874 [est]
754 2789 826 2854 inde
847 2790 1024 2875 proximum
1046 2787 1147 2853 amnis

127 2897 158 2940 os
181 2879 321 2947 dicatum
341 2881 488 2960 Herculi,
515 2903 609 2966 quem
634 2883 801 2969 indigenae
828 2893 929 2948 ortum
953 2883 1038 2969 apud
1060 2904 1094 2947 se
1116 2891 1148 2945 et

127 2972 372 3056 antiquissimum
397 2975 563 3062 perhibent
588 2999 704 3060 eosque
727 2979 781 3061 qui
805 2987 916 3063 postea
940 2977 1008 3062 pari
1034 2976 1148 3040 virtute

127 3061 242 3147 fuerint,
261 3071 297 3134 in
309 3080 550 3156 cognomentum
568 3070 635 3136 eius
654 3071 801 3136 adscitos.
825 3093 898 3134 mox
916 3070 990 3134 visit
1006 3077 1148 3132 veterum

129 3154 303 3228 Thebarum
320 3187 437 3250 magna
453 3165 601 3251 vestigia:
625 3175 656 3230 et
674 3163 843 3230 manebant
865 3163 990 3228 structis
1012 3159 1147 3226 molibus

128 3247 237 3322 litterae
251 3257 440 3344 Aegyptiae,
458 3259 594 3345 priorem
607 3257 800 3345 opulentiam
814 3256 1009 3343 complexae3
1027 3255 1149 3321 iussus·

129 3364 182 3425 que
198 3372 215 3414 e
233 3352 409 3416 senioribus
428 3353 625 3417 sacerdotum
646 3351 782 3438 patrium
805 3371 979 3416 sennonem
997 3351 1147 3436 interpre-

129 3440 188 3518 tari,
205 3444 361 3510 referebat
378 3446 537 3511 habitasse
555 3447 713 3530 quondam
728 3446 926 3534 septingenta
942 3445 1028 3511 milia
1045 3454 1147 3512 aetate

130 3531 258 3616 militari,
290 3549 383 3622 atque
405 3563 442 3605 eo
465 3563 537 3606 oum
560 3540 698 3606 exercitu
719 3563 826 3628 regem
848 3541 1009 3610 Rhamsen
1030 3539 1145 3625 Libya,

130 3625 292 3719 Aethiopia
309 3633 477 3719 Medisque
496 3644 527 3700 et
539 3634 647 3700 Persis
666 3644 697 3700 et
713 3635 881 3702 Bactriano
899 3658 936 3700 ao
955 3634 1075 3721 Scytha
1091 3657 1146 3718 po-

131 3719 223 3804 titum,
250 3749 392 3813 quasque
414 3739 511 3794 terras
532 3727 606 3814 Syri
623 3728 828 3813 Armeniique
851 3741 883 3804 et
903 3728 1043 3814 contigui
1062 3727 1147 3810 Cap-

130 3817 254 3894 padoces
282 3822 401 3902 colunt,
428 3822 502 3888 inde
523 3823 712 3910 Bithynum,
739 3823 813 3889 hinc
834 3823 972 3908 Lycium
999 3821 1040 3885 ad
1061 3842 1146 3886 mare

130 3905 248 3994 imperio
270 3917 408 3983 tenuisse
415 3943 424 3994 ;
450 3917 634 4005 legebantur
655 3927 687 3982 et
708 3919 826 3982 indicta
850 3914 997 4003 gentibus
1020 3913 1144 3992 tributa,

131 4007 241 4082 pondus
259 4012 381 4096 argenti
399 4021 430 4077 et
448 4013 524 4091 auri,
543 4035 691 4078 numerus
711 4035 866 4077 armorum
885 4029 1098 4094 equorumque
1116 4019 1146 4073 ct

131 4095 201 4167 dona
217 4106 342 4191 templis
361 4107 439 4172 ebur
455 4118 548 4191 atquc
567 4107 692 4185 odores,
716 4127 856 4190 quasque
874 4105 980 4190 copias
999 4103 1146 4169 frumenti
1207 4145 1208 4148 =

131 4199 156 4253 tl
171 4200 307 4264 omnium
330 4202 510 4266 utensilium
528 4223 671 4286 quaeque
693 4201 778 4266 natio
799 4202 962 4286 penderet,
985 4197 1070 4264 hand
1086 4198 1145 4262 mi·
