2966 4960
254 3409 259 3424 ·
347 3393 477 3446 nonnulli
487 3393 570 3446 etiem
579 3393 684 3448 bellica
697 3393 790 3462 gloria
800 3398 828 3447 et
837 3392 884 3446 mi·

348 481 397 528 XL
623 483 661 524 DE
685 481 821 526 cultuum
838 479 935 522 raom
953 480 1023 522 vm
1040 481 1158 526 mutulo

347 595 442 652 nudae
451 595 597 650 iamerant
606 598 635 648 ot
647 591 779 648 inlocum
788 609 883 648 earum
902 593 990 649 debat
1018 595 1101 648 retus
1132 596 1247 648 senatus
1283 598 1389 648 auctor

347 669 524 718 successerat
540 663 686 716 incondita
698 662 748 716 illa
761 662 883 716 multitu·
902 661 1029 734 quamvis
1039 677 1124 730 saepe
1137 661 1188 716 illa
1201 668 1256 716 cta
1266 659 1389 716 Caesari

347 732 398 800 do,
422 733 467 786 cui
489 731 585 784 nullus
607 737 668 785 erat
689 731 730 784 rei
751 731 883 852 publicae
902 729 1389 800 contumelioscproculcataetabip

349 815 436 868 amor,
447 801 498 855 sed
506 804 754 868 tantumspeetaen
767 815 845 853 orum
855 805 884 854 et
902 797 1080 854 senatoribus
1090 797 1354 868 turpitcrproieota,
1366 818 1386 852 n

348 868 415 922 volu
436 868 684 938 tatumoupido²²⁴
694 872 723 920 ct
735 883 792 922 una
805 884 838 922 ex
852 885 883 921 re
922 883 987 921 nam
996 865 1390 922 tamenitatotaextinotautx

371 886 721 992 ubinamnonaeeuraw
731 935 883 989 Praeterea
902 935 1017 1005 aiquod
1027 934 1056 988 in
1064 950 1100 988 ea
1112 934 1253 990 libertatis
1266 937 1390 1004 praesid

346 953 463 1060 iacitur
473 1021 559 1075 saepe
574 1009 784 1072 commemorat,
800 1019 883 1073 quam
902 1019 1049 1074 superesse
1056 1003 1270 1057 credereturuo
1288 1003 1389 1068 Quare

348 1073 482 1144 ignavum
491 1073 590 1141 fuerit,
610 1079 693 1143 quam
706 1072 882 1140 inconstans,
902 1090 961 1126 rum
972 1071 1103 1138 omnium,
1113 1071 1161 1192 (lui
1171 1071 1333 1126 libertatem
1346 1074 1390 1127 del

347 1140 883 1224 quamimperitumiuanibusquerumo-
902 1141 969 1194 dere
978 1141 1024 1194 vel
1033 1139 1114 1193 novis
1135 1140 1236 1209 egibns
1245 1139 1387 1195 institutis

347 1211 426 1264 rubus
441 1210 578 1276 deditum,
595 1225 679 1279 quam
691 1225 784 1263 rerum
798 1225 883 1262 nova·
901 1207 1012 1262 firmare
1019 1213 1048 1263 et
1056 1224 1161 1277 augere
1167 1209 1281 1278 vellent,
1292 1226 1384 1262 unum

347 1297 407 1333 rum
418 1279 549 1348 cupidum
559 1282 589 1330 at
609 1293 644 1330 ue
653 1276 723 1346 ipsis
733 1276 818 1330 etiam
827 1293 883 1330 ma·
902 1283 963 1332 erat
972 1293 1118 1331 commune
1128 1277 1390 1332 aonecessariumc

348 1347 382 1398 lis
397 1347 438 1400 rei
449 1345 581 1416 publicae
590 1295 706 1398 (iactum
719 1345 822 1414 vulgus
840 1362 883 1397 ur·
903 1345 1003 1413 silium,
1014 1350 1046 1398 ut
1056 1350 1171 1399 senatus
1177 1345 1346 1414 dignitatem
1357 1354 1387 1400 et

347 1415 503 1469 ennomus
525 1413 596 1468 Nam
611 1412 664 1465 etsi
677 1415 809 1466 sordidam
820 1429 883 1482 par·
902 1414 1059 1468 ctoritatem
1072 1412 1204 1467 foverent
1216 1418 1245 1468 et
1258 1413 1391 1484 quicquic

347 1492 396 1535 lem
410 1482 493 1550 plebia
511 1481 679 1550 appellum
701 1486 734 1533 ut
754 1480 884 1534 videatur
902 1481 1013 1535 infinita
1022 1480 1197 1551 principatus
1209 1480 1238 1534 vi
1247 1481 1323 1536 demi
1332 1499 1389 1551 pos

347 1550 431 1606 aliam
448 1553 556 1618 partem
570 1547 760 1602 honestiorem
774 1548 883 1604 intelle·
902 1551 931 1604 id
941 1567 1022 1604 omne
1033 1550 1069 1604 ad
1080 1555 1195 1604 senatus
1208 1555 1384 1618 potestatem

347 1634 495 1688 gere‚non
504 1623 598 1670 tamen
607 1615 674 1670 huic
682 1617 825 1686 propriam
834 1616 883 1670 ali·
902 1619 1025 1699 gandam
1038 1623 1242 1672 converterent
1264 1617 1391 1672 Hauon

369 1686 493 1740 uamvim
503 1684 682 1739 tribuendam
691 1685 884 1740 essesatisde·
901 1705 929 1740 m
966 1703 1046 1740 essus
1070 1685 1242 1740 clarissimus
1269 1687 1312 1739 vir
1334 1687 1391 1742 Pae

347 1703 437 1808 dilatat
446 1770 494 1821 eo,
509 1753 587 1823 quod
599 1753 668 1806 alibi
677 1763 781 1823 portem
792 1756 887 1824 populi
903 1756 928 1808 T
950 1771 1033 1808 rasee
1046 1753 1121 1808 omni
1134 1760 1260 1823 tempore
1276 1771 1382 1809 ornare

346 1825 473 1892 inleprom
487 1820 630 1892 signifieat
642 1838 705 1875 eam
718 1838 795 1888 esse,
811 1839 883 1893 quae
902 1829 1000 1878 natum
1011 1823 1127 1892 eiusque
1142 1822 1302 1877 libertatem
1312 1829 1343 1876 et
1352 1824 1391 1893 dig

347 1891 580 2014 tldtlssltltt
592 1892 696 2012 “iiii
708 1889 884 2013 iiiiii?
903 1890 1391 2013 tillitllbltttetti?

348 2045 409 2080 mur
418 2027 567 2082 retinuisse
574 1976 697 2098 aliqiiam
706 2027 746 2081 rei
751 1977 883 2097 pubiicae
902 1979 1000 2082 {mnes
1014 2043 1098 2081 verae
1112 1976 1333 2097 gloriaeqcupidi
1343 2045 1392 2098 seq

349 2109 457 2163 curam,
469 2096 566 2151 obstat
574 2096 646 2150 alius
657 2096 747 2164 loeus,
759 2112 815 2166 quo
825 2112 883 2149 non
903 2098 1006 2152 bantur
1025 2099 1062 2138 2³1
1072 2095 1201 2166 interque
1212 2111 1262 2149 eos
1272 2112 1338 2149 oum
1348 2096 1392 2149 Pli

347 2165 433 2236 vulgo
445 2166 495 2219 sed
506 2165 558 2219 soli
573 2165 684 2219 senatui
700 2171 728 2218 et
741 2163 884 2244 equitibus
903 2165 988 2220 etiam
1002 2135 1133 2232 iacitur,
1153 2164 1200 2234 qui
1219 2163 1273 2217 soli
1287 2168 1392 2218 senatu]

348 2233 471 2303 aliquam
480 2239 588 2301 partem
599 2239 629 2288 et
638 2250 733 2286 cinam
743 2250 782 2286 rer
792 2232 883 2302 publi·
903 2232 1047 2287 nobilibus
1060 2231 1200 2286 libertatis
1214 2232 1338 2285 studium
1352 2231 1392 2284 fui

348 2317 398 2354 eae
408 2300 496 2354 fuisse
507 2305 682 2369 testatur322⁹
691 2299 884 2356 necverofieri
904 2301 971 2355 satis
986 2300 1125 2368 declarat,
1140 2315 1204 2354 eum
1217 2305 1246 2354 ct
1253 2299 1378 2370 Augusti

347 2369 495 2490 potuit,ut
505 2369 557 2422 sub
567 2368 784 2437 imperatoribus
795 2368 818 2421 si
828 2385 884 2439 qua
903 2369 1008 2424 tentiae
1025 2368 1166 2422 neminem
1183 2369 1365 2422 adversatum
1379 2385 1392 2422 e

357 2435 463 2490 'uerunt
472 2436 565 2490 civilia
576 2435 669 2490 studia
677 2436 708 2489 in
721 2435 883 2490 honestiore
903 2438 943 2492 ita
957 2437 1133 2492 demonstrat
1145 2441 1177 2490 ut
1189 2436 1270 2490 nulla
1287 2435 1365 2491 facta
1378 2455 1392 2490 r

348 2504 447 2574 populi
457 2510 550 2573 parte,
567 2505 678 2558 diversa
689 2511 784 2570 essent
793 2504 830 2558 ab
839 2504 883 2570 iis,
904 2522 1021 2586 quorum
1035 2504 1138 2558 civium
1151 2505 1294 2560 mentione
1310 2506 1345 2559 do
1361 2521 1393 2558 ne

348 2589 421 2642 quae
435 2571 508 2626 inter
523 2572 673 2641 optimates
686 2572 828 2642 vigebant.
846 2572 884 2626 Hi
903 2574 977 2630 libus
987 2577 1223 2642 tantumagatffl
1233 2571 1393 2642 etpostDo

349 2640 884 2711 autemquamquamsaepeautinertiae
903 2642 972 2696 tiani
983 2641 1238 2711 quindecimanuos
1248 2641 1393 2696 atrocissin

350 2725 380 2763 se
390 2709 498 2762 dabant
511 2714 561 2762 aut
575 2725 672 2763 servos
687 2726 717 2764 se
727 2708 885 2779 principum
904 2710 972 2764 dicit
984 2726 1092 2779 paucos
1107 2710 1273 2779 superstites
1286 2727 1364 2777 esse,
1383 2728 1393 2762 1

349 2777 459 2830 bbidmi
469 2777 650 2844 addicebant,
666 2783 836 2847 acceperant
844 2784 885 2832 ta·
903 2778 1032 2848 profecto
1048 2794 1159 2832 omnem
1174 2777 1276 2832 civium
1288 2778 1393 2832 multitu

347 2862 412 2900 men
426 2863 444 2900 a
456 2845 609 2899 maioribus
629 2845 710 2916 quasi
722 2863 773 2916 per
786 2863 885 2900 manus
903 2864 967 2901 nem
981 2846 1150 2916 intellegens
1165 2847 1215 2900 sed
1226 2852 1369 2900 senatores
1381 2863 1393 2899 e

348 2914 480 2968 traditam
495 2913 634 2968 libertatis
654 2931 749 2968 euram
766 2913 884 2995 ipseque
904 2916 952 2987 qui
961 2914 1041 2968 inviti
1051 2914 1207 2969 Domitiani
1221 2915 1367 2969 saevitiam
1376 2931 1393 2982 p

348 2982 433 3036 etiam
454 2982 603 3037 nobilitate
627 3000 678 3038 sua
699 2982 784 3036 invisr
805 2988 886 3038 erant
904 2982 1243 3054 pessiessentetTraiano
1250 2982 1393 3052 principer

347 3051 524 3122 principibus
539 3053 617 3107 etad
631 3068 741 3106 omnem
755 3051 884 3106 iniuriam
903 3052 1045 3132 publicam
1058 3056 1135 3105 recte
1150 3067 1249 3121 gerere
1267 3056 1393 3120 possent,

348 3137 382 3174 eo
393 3121 523 3201 magisex
545 3120 619 3190 ositi,
650 3121 814 3191 uodopibus
825 3137 884 3176 sae·
904 3127 998 3192 itaque
1009 3119 1393 3199 peromneshistorieruman:

347 3139 608 3258 vitiemrrriteianu
618 3139 746 3260 pictique
753 3192 847 3270 legum
857 3195 886 3244 et
903 3188 1393 3268 liumquelibrospraecrpnaeuraen

348 3260 525 3328 negotiorum
539 3259 716 3327 publicorum
729 3259 832 3328 peritia
844 3257 884 3311 in·
903 3263 949 3311 rat
962 3275 986 3310 er
1000 3256 1068 3327 quid
1087 3255 1117 3308 iu
1136 3261 1236 3310 senatu
1253 3255 1384 3310 memoria

349 3325 483 3394 siguesec
493 3326 883 3395 gestishonoribusillustres,
903 3329 1092 3446 fssumtaetgtum
1101 3329 1153 3446 aput,
1164 3323 1222 3404 sive
1233 3325 1293 3445 ctum
1303 3323 1393 3378 lautlul

914 3411 923 3445 1
945 3409 976 3447 er
1050 3409 1119 3447 sena
1152 3410 1165 3446 s
1199 3407 1325 3446 rismum
1342 3409 1393 3445 aue

349 3460 428 3513 litum
439 3459 574 3514 civiumve
589 3460 689 3513 studiis
700 3477 785 3529 supra
793 3461 883 3528 priva·
902 3461 1013 3515 ritatem
1023 3465 1052 3514 et
1061 3409 1294 3532 speeiempreique
1307 3459 1393 3530 publi(

348 3533 439 3581 torum
448 3527 591 3596 hominum
600 3528 695 3582 locum
709 3528 790 3597 elati,
805 3545 883 3584 acce·
903 3529 1026 3608 aliquam
1049 3528 1199 3599 imaginem
1222 3529 1340 3583 retinere
1358 3528 1393 3580 vir

374 3629 511 3636 ····—-
903 3602 959 3666 est,
984 3613 1042 3651 slve
1061 3614 1124 3651 cum
1146 3597 1175 3652 in
1197 3602 1279 3666 turpe
1298 3596 1393 3651 servitii

373 3668 411 3714 224
428 3666 487 3708 Anu.
497 3667 593 3714 iuvat.
604 3667 650 3715 XV,
659 3668 692 3708 86.
702 3667 752 3710 nist.
763 3669 801 3717 lll,
812 3669 845 3708 83.
855 3669 882 3708 ct.
959 3689 1071 3697 ---

348 3719 404 3758 nun.
414 3729 448 3768 op.
458 3719 495 3766 rx,
505 3721 525 3766 o,
535 3721 555 3759 a.
927 3721 965 3761 auo
983 3705 1040 3760 rime
1049 3719 1135 3770 aaa.
1146 3720 1171 3760 u
1181 3719 1393 3760 otuueraummmn

373 3772 411 3810 886
428 3771 485 3810 litut.
495 3771 533 3818 Ν,
543 3773 576 3811 88.
589 3771 648 3812 Anu.
658 3771 675 3818 1,
685 3773 705 3810 2.
719 3771 747 3818 ll,
757 3772 790 3810 67.
804 3771 841 3819 v1,
852 3771 882 3810 la
902 3775 974 3812 umen
983 3773 1081 3820 speciosa
1090 3776 1233 3821 etnumqusm
1242 3771 1341 3817 obscure,
1351 3773 1389 3809 etia

349 3822 395 3869 llll,
406 3823 438 3862 43.
448 3823 494 3870 XV,
505 3824 537 3862 86.
902 3823 1015 3873 allquando
1024 3824 1184 3870 obumbrantur,
1195 3824 1246 3862 blot.
1255 3824 1273 3870 l,
1283 3825 1314 3862 tt.
1323 3825 1353 3861 tt.
1362 3823 1388 3868 ΙΙ,

373 3875 411 3912 tlt
429 3875 478 3913 Vld.
488 3875 538 3914 hist.
548 3875 566 3922 1,
576 3875 596 3913 4.
601 3875 634 3914 64.
645 3875 677 3913 35.
683 3875 716 3914 86.
726 3875 758 3914 40.
768 3875 801 3914 68.
811 3875 844 3916 86.
854 3875 882 3922 ll,
902 3878 924 3913 et
932 3875 1011 3922 grmrde
1017 3877 1149 3914 momentum
1158 3875 1180 3913 ln
1186 3875 1273 3914 nomme
1282 3874 1336 3914 urbis
1341 3884 1364 3912 ae
1373 3885 1393 3922 pr

348 3925 380 3962 86.
390 3925 429 3972 lll,
439 3927 472 3963 tt.
482 3927 514 3965 88.
525 3928 557 3966 64.
567 3928 599 3966 74.
609 3928 642 3967 83.
652 3927 684 3966 et.
695 3929 717 3966 ct
725 3925 785 3966 ullbl.
901 3931 962 3965 texto
972 3929 1066 3966 senatus.
1076 3926 1150 3973 blatl,
1157 3928 1189 3965 tu.
1204 3925 1233 3964 ut
1242 3925 1297 3964 baud
1307 3925 1393 3964 dubiae*

375 3977 412 4014 867
431 3976 488 4014 illst.
498 3977 536 4024 lll,
547 3979 579 4017 74.
902 3978 938 4016 citi
952 3979 1024 4016 monte
1039 3980 1073 4016 est
1085 3977 1195 4026 praeclara
1209 3977 1247 4016 illa
1261 3981 1343 4017 senatus
1355 3976 1393 4014 laur

375 4028 413 4064 ‘128
431 4026 487 4065 lllst.
498 4027 515 4074 l,
526 4031 545 4067 4.
902 4028 994 4069 Othonis
1003 4029 1098 4067 orutlone
1109 4028 1159 4068 bist.
1169 4027 1187 4074 1,
1197 4029 1229 4067 84.

373 4078 411 4116 849
429 4077 548 4124 motato.
562 4079 635 4128 Neque
645 4081 837 4122 assentiorltlttoro
847 4082 883 4130 qul
927 4081 964 4120 tul
983 4079 1392 4129 anaxilla).xlv,lt.ltsq.xv.tte

348 4128 403 4166 bunc
417 4127 488 4167 locum
505 4131 596 4170 mutavit
614 4143 657 4170 nou
671 4133 734 4171 ellum
752 4133 780 4172 ob
798 4143 883 4172 cuumm
901 4130 1201 4179 xv1.at.hut.11,uloxu.

347 4189 443 4226 ouurnne
452 4183 618 4228 repugnaretur,
629 4193 683 4230 queo
693 4185 743 4222 ltom
749 4185 883 4225 mlnusrocto
926 4185 964 4222 664
982 4183 1039 4222 Anu.
1050 4181 1067 4229 l,
1077 4185 1097 4224 8.

347 4229 374 4270 de
384 4229 480 4271 trlbubue
489 4231 606 4281 dlsputavlt
615 4233 641 4272 ud
652 4234 701 4274 bist.
711 4235 750 4282 lll,
760 4237 792 4274 68.
926 4236 964 4276 268
981 4235 1034 4284 Agr.
1044 4245 1063 4274 c.
1073 4237 1093 4276 6.
