3042 4956
252 523 256 530 .
443 467 645 523 ANNALIUM
663 466 737 521 LIB.
752 467 834 521 XIII.
853 468 939 522 3-6.
1137 459 1201 523 229

171 559 289 610 scau.

169 651 241 693 nem
260 626 390 692 ultionis
409 625 535 702 afferre3
553 633 619 688 tum
637 623 771 688 formam
789 624 886 688 futuri
903 625 1094 712 principatus
1112 649 1202 712 prae-

170 723 312 808 scripsit,
341 743 380 785 ea
401 720 537 785 maxime
559 719 732 795 declinans,
759 740 892 801 quorum
915 741 1024 784 reeens
1050 720 1202 806 flagrabat

168 815 303 882 invidia:
323 837 387 880 non
405 814 488 878 enim
506 835 540 879 se
557 812 753 898 negotiorum
768 813 907 876 omnium
919 813 1055 876 iudicem
1072 813 1149 891 fore,
1167 824 1203 878 ut

169 911 288 975 clausis
302 932 399 973 unam
417 909 498 972 intra
511 908 638 972 domum
651 905 885 970 accusatoribus
904 916 934 970 et
951 906 1012 974 reis
1030 928 1203 993 paucorum

168 1004 313 1090 potentia
325 1011 535 1090 grassaretur3
553 1000 630 1065 nihil
642 1000 675 1065 in
688 1000 854 1087 penatibus
868 1002 933 1066 suis
947 1002 1057 1066 venale
1070 1011 1125 1066 aut
1137 1025 1204 1067 am-

168 1098 281 1163 bitioni
305 1097 463 1181 pervium3
486 1097 652 1161 discretam
675 1094 803 1159 domum
822 1104 852 1158 et
873 1117 941 1159 rem
961 1095 1134 1181 publicnm3
1157 1106 1203 1160 te·

169 1201 258 1256 neret
277 1190 407 1274 antiqua
424 1189 531 1254 munia
549 1199 675 1254 senatus
681 1213 690 1266 ;
709 1189 872 1253 consulum
891 1189 1096 1254 tribunalibus
1110 1189 1203 1254 Italia

170 1297 201 1350 et
212 1285 363 1371 publicae
375 1285 553 1370 provinciae
568 1283 764 1361 assisterent3
781 1283 826 1347 illi
839 1292 963 1369 patrum
982 1283 1100 1348 aditum
1113 1305 1203 1369 prae·

169 1380 296 1446 berent:
316 1401 351 1444 sc
368 1379 522 1443 mandatis
541 1377 728 1442 exercitibus
747 1377 971 1443 consulturum.

235 1473 305 1539 Neo
323 1473 423 1537 deluit
440 1472 533 1550 fides,
557 1472 717 1555 multaque
739 1471 865 1536 arbitrio
889 1481 1016 1536 senatus
1034 1472 1203 1538 constituta
1220 1494 1236 1541 o

172 1577 260 1632 sunt:
279 1589 319 1631 ne
337 1567 407 1650 quis
426 1567 466 1631 ad
480 1588 607 1631 causam
620 1567 770 1631 orandam
783 1567 926 1631 mercede
943 1576 998 1632 aut
1010 1567 1100 1632 donis
1119 1589 1202 1632 eme-

171 1673 273 1739 retur3
292 1683 332 1726 ne
347 1661 518 1748 designatis
531 1659 751 1743 quaestoribus
766 1660 878 1725 edendi
891 1660 1078 1747 gladiatores
1093 1683 1202 1726 neees-

172 1757 248 1820 sitas
268 1763 362 1832 esset,
381 1754 465 1838 quod
482 1753 609 1837 quidem
628 1754 814 1819 adversante
831 1756 1022 1841 Agrippina,
1041 1765 1201 1838 tamquam

172 1857 242 1914 acta
261 1848 387 1914 Claudii
410 1847 675 1926 subverterentur,
699 1849 860 1913 obtinuere
882 1858 1001 1932 patres,
1024 1849 1079 1931 qui
1096 1848 1129 1912 in
1146 1870 1202 1933 pa·

171 1942 282 2008 latium
299 1942 340 2007 ob
359 1943 392 2006 id
406 1942 606 2020 vocabantur,
626 1951 660 2006 ut
678 1951 794 2006 astaret
807 1943 920 2006 additis
939 1965 958 2006 a
975 1951 1063 2027 tergo
1081 1940 1201 2005 foribus

171 2038 243 2102 velo
262 2036 409 2114 discreta,
432 2037 518 2119 quod
535 2036 638 2100 visum
656 2044 788 2112 arceret,
813 2035 937 2099 auditus
960 2057 1024 2098 non
1041 2033 1201 2098 adimeret.

171 2130 248 2215 quin
267 2140 298 2194 et
314 2131 426 2218 legatis
440 2128 664 2195 Armeniorum
678 2151 807 2194 causam
825 2129 929 2215 gentis
949 2128 1033 2213 apud
1045 2127 1202 2192 Neronem

172 2224 333 2290 orantibus
358 2225 525 2289 escendere
548 2233 734 2311 suggestum
756 2222 950 2307 imperatoris
974 2230 1004 2286 et
1025 2220 1202 2306 praesidere

173 2319 267 2384 simul
288 2318 432 2404 parabat,
459 2318 521 2383 nisi
544 2319 654 2383 ceteris
677 2339 793 2402 pavore
816 2316 927 2381 defixis
951 2314 1074 2381 Seneca
1095 2313 1203 2379 admo-

172 2414 307 2491 nuisset,
330 2414 467 2478 venienti
489 2413 581 2479 matri
602 2422 786 2478 occurreret.
814 2412 858 2478 ita
880 2411 983 2498 specie
1004 2409 1129 2497 pietatis
1148 2407 1205 2474 ob-

172 2510 258 2573 viam
274 2510 354 2573 itum
373 2508 527 2573 dedecori.
645 2551 649 2561 ·

236 2604 316 2668 Fine
338 2602 411 2668 anni
434 2597 566 2668 turbidis
584 2603 761 2668 rumoribus
779 2602 960 2688 prorupisse
982 2623 1106 2666 rursum
1124 2599 1203 2663 Par·
1221 2619 1235 2665 6

173 2698 245 2779 thos
264 2707 295 2760 et
312 2698 379 2782 rapi
398 2696 583 2762 Armeniam
601 2697 729 2761 allatum
748 2707 805 2774 est,
823 2696 916 2783 pulso
935 2696 1129 2772 Radamisto,
1148 2694 1203 2778 qui

173 2814 269 2876 saepe
285 2791 375 2877 regni
393 2791 460 2855 eius
477 2790 610 2876 potitus,
629 2791 702 2854 dein
718 2791 888 2876 profugus,
907 2800 974 2853 tum
992 2809 1118 2872 quoque
1135 2788 1201 2853 bel-

173 2887 240 2950 lum
258 2886 447 2951 deseruerat.
469 2885 566 2972 igitur
581 2884 615 2948 in
633 2885 710 2949 urbe
729 2906 908 2950 sermonum
926 2883 1033 2960 avida,
1052 2883 1203 2964 quemad-

173 2981 302 3044 modum
315 2980 461 3065 princeps
474 2980 528 3043 vix
542 2978 754 3065 septendecim
769 2999 868 3041 annos
882 2997 1029 3062 egressus
1044 2976 1204 3058 suscipere

173 3097 244 3138 eam
262 3075 377 3138 molem
395 3084 449 3138 aut
465 3073 649 3158 propulsare
666 3080 789 3157 posset,
808 3070 893 3152 quod
912 3068 1087 3132 subsidium
1104 3067 1137 3129 in
1156 3089 1203 3141 ec,

174 3168 229 3252 qui
246 3192 265 3232 a
283 3166 400 3232 femina
417 3177 591 3253 regeretur,
614 3189 690 3230 num
713 3165 832 3250 proelia
848 3184 974 3246 quoque
992 3172 1024 3225 et
1041 3160 1205 3246 obpugna

174 3263 275 3326 tiones
297 3261 422 3327 urbium
445 3271 476 3326 et
497 3271 602 3328 cetera
624 3261 699 3326 belli
724 3281 781 3345 per
803 3257 969 3344 magistros
996 3255 1204 3322 administrari

174 3366 311 3441 possent,
331 3355 550 3439 anquirebant;
569 3364 677 3420 contra
691 3353 743 3419 alii
761 3353 872 3418 melius
892 3351 1034 3418 evenisse
1048 3351 1206 3416 disserunt

175 3472 270 3533 quam
288 3450 315 3515 si
332 3451 488 3516 invalidus
507 3459 634 3516 senecta
652 3460 683 3516 et
700 3449 827 3536 ignavia
846 3446 999 3514 Claudius
1018 3445 1145 3511 militiae
1164 3445 1204 3510 ad

175 3543 297 3610 labores
316 3554 492 3621 vocaretur,
518 3545 683 3611 servilibus
701 3544 796 3610 iussis
815 3544 1099 3629 obtemperaturus:
1123 3539 1205 3603 Bur-

174 3661 245 3703 rum
259 3647 365 3704 tamen
378 3650 410 3703 et
424 3637 579 3705 Senecam
593 3639 761 3704 multarum
775 3661 879 3703 rerum
894 3636 1085 3724 experientia
1099 3631 1206 3717 cogni-

175 3743 240 3811 tos;
263 3743 294 3797 et
310 3732 490 3818 imperatori
507 3744 658 3817 quantum
681 3735 722 3800 ad
739 3732 836 3798 robur
852 3732 979 3806 deesse,
1004 3749 1075 3792 cum
1094 3733 1205 3789 octavo

175 3828 297 3892 decimo
319 3829 429 3893 aetatis
452 3852 534 3894 anno
553 3828 613 3894 Cn.
631 3828 819 3915 Pompeius,
844 3822 1067 3890 nonodecimo
1087 3817 1207 3882 Caesar

176 3920 371 3988 Octavianus
390 3922 494 3988 civilia
516 3923 599 3988 bella
617 3919 838 3987 sustinuerint?
859 3918 1011 4002 pluraque
1033 3913 1066 3976 in
1084 3933 1208 3976 summa

176 4017 302 4082 fortuna
323 4016 470 4102 auspiciis
490 4027 521 4081 et
539 4015 675 4082 consiliis
698 4035 794 4097 quam
815 4011 885 4075 telis
909 4018 940 4073 et
962 4005 1106 4070 manibus
1124 4005 1206 4091 geri;

176 4112 322 4176 daturum
335 4111 428 4196 plane
441 4112 673 4185 documentum,
691 4104 832 4172 honestis
847 4127 887 4167 an
905 4124 996 4168 secus
1011 4099 1119 4164 amicis
1137 4110 1206 4164 ute-

176 4215 274 4283 retur,
298 4207 325 4270 si
343 4207 455 4271 ducem
478 4215 582 4270 amota
603 4203 720 4268 invidia
742 4199 918 4287 egregium,
942 4219 1039 4280 quam
1062 4195 1089 4262 si
1111 4217 1206 4282 pecu-

178 4300 302 4366 niosum
321 4309 352 4365 ot
369 4301 470 4386 gratia
489 4299 657 4365 subnixum
675 4319 730 4382 per
747 4294 899 4361 ambitum
917 4292 1076 4380 deligeret.
