3020 4958
321 423 384 492 296
674 431 1001 493 coennnnrscrrr

1240 535 1261 565 a.
1271 537 1293 566 u.
1304 527 1351 567 81⁶.

320 605 460 661 vetustas
486 594 683 679 obsepserat,
720 591 836 678 porgit,
855 601 887 656 et
902 589 1063 656 venientes
1082 591 1233 658 Tiridatis
1252 593 1351 659 Volo·

320 691 469 778 gesisque
494 689 534 753 de
556 710 634 774 pace
655 689 775 774 legatos
802 687 887 751 haud
913 695 1113 772 aspernatus,
1140 687 1287 775 adiungit
1312 689 1352 754 iis

321 784 517 851 centuriones
535 805 608 848 cum
624 782 779 847 mandatis
797 803 861 846 non
878 778 1054 847 inmitibus:
1072 803 1130 846 nec
1143 783 1227 846 enim
1246 783 1352 848 adhuc

322 902 359 945 co
372 887 502 944 ventum
515 887 550 942 ut
563 877 731 942 certamine
745 886 885 941 extremo
903 897 983 960 opus
1001 885 1100 954 esset3
1119 875 1219 940 multa
1231 877 1353 942 Roma·

321 974 370 1039 nis
393 973 546 1050 secunda,
573 971 728 1056 quaedam
745 969 872 1034 Parthis
895 969 1054 1047 evenisse,
1082 969 1272 1036 documento
1295 972 1353 1036 ad-

320 1089 431 1134 versus
450 1066 642 1152 superbiam:
660 1064 790 1150 proinde
809 1073 840 1128 et
853 1063 987 1127 Tiridati
1004 1064 1179 1129 conducere
1196 1063 1352 1130 intactum

320 1160 547 1228 vastationibus
564 1182 698 1247 regnum
715 1159 797 1225 dono
815 1158 970 1243 accipere,
989 1168 1020 1224 et
1036 1158 1219 1246 Vologesen
1237 1161 1353 1226 melius

322 1257 469 1362 societatp
491 1255 636 1319 Romana
656 1275 751 1338 quam
774 1253 895 1317 damnis
914 1253 1031 1318 mutuis
1049 1255 1135 1338 genti
1157 1253 1352 1318 Parthorum

321 1350 544 1415 consulturum.
564 1349 644 1413 scire
661 1357 813 1432 quantum
831 1345 915 1412 intus
934 1346 1171 1424 discordiarum,
1190 1369 1354 1432 quamque

320 1443 489 1508 indomitas
508 1452 539 1507 et
556 1440 753 1527 praeferoces
771 1441 913 1504 nationes
931 1451 1067 1526 regeret:
1090 1451 1198 1506 contra
1215 1441 1355 1526 impera·

321 1537 380 1601 tori
398 1559 456 1601 suo
473 1536 634 1599 immotam
652 1534 770 1618 ubique
787 1555 898 1619 pacem
917 1544 948 1598 et
964 1557 1063 1598 unum
1081 1534 1114 1598 id
1131 1533 1250 1599 bellum
1268 1558 1352 1602 esse.

320 1629 412 1694 simul
422 1629 551 1694 consilio
561 1639 708 1693 terrorem
722 1628 854 1705 adicere,
865 1637 896 1693 et
905 1628 1095 1714 megistanas
1101 1627 1282 1706 Armenios,
1294 1631 1351 1713 qui

318 1722 411 1808 primi
424 1721 545 1787 anobis
563 1721 751 1797 defecerant,
770 1721 859 1806 pellit
877 1721 1015 1800 sedibus,
1030 1723 1159 1789 castella
1172 1745 1280 1788 eorum
1296 1747 1354 1788 ex-

274 1857 275 1862 η
320 1816 425 1893 cindit,
439 1816 542 1902 plana,
557 1816 649 1894 edita,
664 1815 785 1881 validos
794 1815 1012 1900 invalidosque
1025 1817 1094 1902 pari
1107 1828 1193 1885 metu
1202 1819 1350 1903 complet.

270 1932 302 1981 28
383 1910 456 1976 Non
472 1909 631 1975 infensum
648 1931 706 1974 nec
724 1933 796 1976 cum
813 1910 919 1975 hostili
937 1911 1008 1976 odio
1027 1909 1216 1977 Corbulonis
1233 1934 1353 1976 nomen

321 2006 415 2071 etiam
433 2005 573 2070 barbaris
592 2004 775 2081 habebatur,
794 2025 894 2088 eoque
908 2002 1072 2070 consilinm
1086 2005 1154 2070 eius
1167 2006 1264 2070 fidum
1283 2028 1354 2070 cre-

320 2099 450 2178 debant;
469 2121 544 2187 ergo
562 2099 737 2186 Vologeses
755 2121 858 2184 neque
876 2109 966 2164 atrox
983 2099 1017 2164 in
1035 2121 1204 2177 summam,
1227 2111 1258 2164 et
1280 2100 1355 2184 qui-

320 2193 455 2260 busdam
473 2193 677 2280 praefecturis
694 2193 831 2258 indutias
848 2193 942 2278 petit3
952 2193 1119 2258 Tiridates
1137 2194 1241 2259 locum
1250 2194 1353 2258 diem-

320 2309 382 2371 que
400 2289 555 2371 colloquio
573 2289 684 2373 poscit.
712 2298 835 2373 tempus
853 2287 1078 2372 propinquum,
1105 2288 1208 2364 locus,
1234 2289 1353 2372 inquo

320 2403 421 2467 nuper
433 2381 582 2448 obsessae
592 2405 664 2446 cum
673 2381 772 2446 Paeto
785 2381 924 2467 legiones
944 2389 1041 2459 erant,
1060 2391 1126 2445 tum
1140 2380 1280 2446 barbaris
1295 2382 1354 2446 de-

320 2476 420 2540 lectus
439 2484 485 2540 est
508 2475 548 2541 ob
567 2476 750 2540 memoriam
766 2475 903 2540 laetioris
927 2474 987 2540 sibi
1004 2474 1064 2549 rei,
1094 2473 1267 2540 Corbuloni
1285 2497 1352 2540 non

320 2568 450 2643 vitatus,
468 2577 503 2631 nt
521 2568 742 2632 dissimilitudo
764 2568 908 2634 fortunae
926 2569 1058 2655 gloriam
1076 2579 1219 2656 augeret3
1245 2590 1353 2653 nequo

319 2660 450 2726 infamia
469 2659 561 2724 Paeti
587 2659 773 2746 angebatur,
800 2661 886 2745 quod
911 2684 949 2728 eo
975 2662 1111 2728 maxime
1132 2663 1247 2748 patuit,
1274 2663 1353 2746 quia

320 2755 384 2820 filio
403 2754 470 2820 eius
488 2754 612 2820 tribuno
630 2755 745 2820 ducere
763 2757 941 2842 manipulos
959 2768 1053 2841 atque
1067 2757 1188 2842 operire
1200 2757 1351 2840 reliquias

320 2849 421 2914 malae
442 2871 568 2937 pugnae
593 2850 768 2936 imperavit.
796 2839 847 2916 d1e
869 2863 963 2937 pacta
984 2851 1132 2917 Tiberius
1154 2851 1350 2930 Alexander,

320 2945 459 3012 inlustris
473 2967 569 3030 eques
578 2945 751 3024 Romanus,
770 2945 912 3011 minister
929 2946 1012 3011 bello
1030 2947 1133 3024 datus,
1152 2945 1351 3012 etVinianue

320 3041 460 3120 Annius,
488 3063 585 3130 gener
603 3040 804 3118 Corbulonis,
831 3042 971 3106 nondum
995 3042 1150 3107 senatoria
1171 3051 1273 3106 aetate
1292 3043 1353 3108 sed

320 3159 378 3222 pro
403 3136 509 3223 legato
535 3137 662 3220 quintae
684 3136 800 3223 legioni
821 3135 990 3220 inpositus,
1016 3135 1051 3200 in
1072 3145 1176 3201 castra
1198 3134 1351 3201 Tiridatis

321 3253 448 3307 venere,
467 3231 576 3296 honori
594 3232 676 3308 eius,
700 3253 737 3296 ac
754 3252 795 3295 ne
808 3238 965 3295 metueret
985 3230 1116 3296 insidias
1134 3229 1188 3295 tali
1205 3230 1350 3316 pignore.

321 3323 422 3386 viceni
449 3324 561 3388 dehinc
587 3324 707 3406 equites
734 3324 906 3409 adsumpti3
933 3332 964 3388 et
989 3324 1059 3389 viso
1086 3322 1266 3389 Corbulone
1291 3346 1351 3388 rex

320 3416 405 3498 prior
430 3438 511 3499 equo
538 3417 676 3494 desiluit;
704 3439 763 3482 nec
789 3427 953 3497 cunctatus
982 3417 1136 3495 corbino,
1169 3419 1225 3484 sed
1250 3418 1351 3502 pedes

320 3517 450 3590 uterque
469 3510 613 3573 dexteras
631 3511 795 3574 miscuere.

270 3618 302 3666 29
384 3602 470 3666 Exin
491 3601 653 3667 Romanus
675 3603 783 3667 laudat
808 3603 955 3670 iuvenem
977 3605 1103 3672 omissis
1125 3604 1350 3691 praecipitibus

320 3705 388 3762 tuta
413 3705 444 3761 et
469 3695 617 3763 salutaria
642 3707 868 3783 capessentem.
895 3700 948 3765 ille
970 3701 1009 3765 dc
1035 3699 1197 3766 nobilitate
1223 3700 1350 3786 generis

320 3790 453 3856 multum
479 3792 638 3877 praefatus
665 3801 768 3857 cetera
798 3802 1009 3879 temperanter
1039 3794 1195 3880 adiungit:
1230 3793 1351 3858 iturum

320 3886 435 3972 quippe
448 3886 582 3952 Romam
600 3887 797 3971 laturumque
814 3909 931 3952 novum
942 3886 1078 3954 Caesari
1086 3888 1192 3965 decus,
1211 3909 1275 3952 non
1293 3887 1352 3952 ad-

319 3981 419 4045 versis
436 3980 624 4046 Parthorum
641 3982 735 4047 rebus
753 3981 926 4067 supplicem
939 3980 1126 4048 Arsaciden.
1144 3991 1211 4046 tum
1228 3979 1350 4066 placuit

320 4072 482 4140 Tiridaten
503 4097 619 4161 ponere
641 4077 726 4162 apud
748 4075 886 4163 effigiem
906 4074 1054 4142 Caesaris
1077 4075 1202 4162 insigne
1224 4073 1348 4162 regium

319 4186 378 4229 nec
403 4168 464 4232 nisi
490 4193 585 4238 manu
606 4169 739 4237 Neronis
765 4189 939 4250 resumerc;
967 4181 998 4237 ct
1019 4169 1211 4256 colloquium
1237 4168 1349 4235 osculo
