2958 4960
181 551 219 594 oh
445 461 652 520 ANNALIUM
668 461 781 520 LIBJ.
798 465 903 520 8-10.
1168 455 1191 522 9

148 563 171 604 a
220 553 279 594 ,ιι

148 622 221 686 sola
242 621 363 707 species
380 620 533 687 mutand
550 631 720 707 supererat.
743 621 940 688 conclamant
954 633 1060 709 patres
1073 646 1188 711 corpus

146 715 190 780 ud
213 739 331 802 rogum
351 716 493 781 humeris
520 725 700 780 senatorum
721 716 901 781 serendum:
926 719 1047 783 remisit
1068 718 1189 786 Caesar

146 811 321 897 adroganti
336 810 567 888 moderatione3
587 809 802 895 populumque
819 811 922 876 edicto
938 814 1061 877 monuit
1076 837 1131 891 ue,
1153 825 1189 878 ut
1243 847 1247 852 ·

146 907 315 990 quondam
326 905 432 970 nimiis
446 904 559 970 studiis
571 903 668 968 funus
686 905 751 968 divi
763 904 839 968 Iulii
855 905 1044 983 trirbassent,
1061 907 1107 972 ita
1118 908 1189 972 Au-

146 1011 288 1086 gustum
303 1001 336 1064 in
353 999 423 1064 foro
440 999 546 1085 potius
563 1019 660 1082 quam
676 998 710 1062 in
727 1021 840 1084 campo
857 998 982 1077 Martis,
1000 1002 1076 1066 sede
1092 1002 1188 1066 desti-

145 1103 242 1171 nata,
269 1093 399 1159 cremari
420 1093 546 1158 vellent.
573 1093 624 1156 die
646 1091 766 1156 funeris
788 1093 903 1158 milites
924 1094 1012 1158 velut
1032 1095 1188 1180 praesidio

147 1197 284 1266 stetere,
309 1187 446 1252 multum
471 1186 677 1260 inridentibus
699 1187 755 1270 qui
775 1188 837 1272 ipsi
862 1188 1006 1252 viderant
1030 1189 1147 1272 quique
1168 1213 1189 1254 a

146 1283 337 1366 parentibus
360 1290 548 1366 acceperant
567 1281 651 1344 diem
668 1281 758 1345 illum
780 1281 870 1346 crudi
890 1282 995 1346 adhuc
1016 1283 1135 1348 servitii
1156 1295 1187 1347 et

147 1375 306 1441 libertatis
328 1375 510 1459 inprospere
527 1374 692 1459 repetitae,
714 1397 787 1438 cum
809 1375 932 1440 occisus
954 1376 1087 1441 dictator
1105 1375 1187 1441 Cuc-

147 1492 203 1533 sar
221 1469 294 1534 aliis
310 1468 500 1554 pessimum,
522 1468 592 1532 aliis
609 1467 854 1553 pulcherrimum
872 1469 996 1535 facinus
1014 1471 1182 1536 videretm:

147 1587 239 1629 nunc
252 1585 362 1629 senem
376 1563 558 1649 prinoipem,
572 1563 667 1648 longa
679 1564 827 1648 potentia,
841 1565 976 1648 provisis
989 1565 1082 1630 etiam
1096 1565 1186 1630 bere-

147 1659 229 1722 dum
245 1660 280 1723 in
291 1657 531 1744 rempublicam
544 1656 668 1742 opibus,
687 1657 804 1721 auxilio
818 1658 936 1723 scilicet
953 1659 1078 1724 militari
1095 1669 1185 1724 tuen-

147 1752 242 1830 dum,
261 1761 298 1816 ut
316 1751 483 1836 sepultura,
495 1751 562 1815 eius
579 1750 687 1835 quieta
703 1749 794 1815 soret.

215 1845 341 1911 Multus
363 1846 437 1910 hinc
458 1845 529 1929 ipso
551 1845 591 1909 de
608 1844 758 1931 Auomtsto
780 1869 898 1924 sermo,
921 1845 1079 1932 plerisque
1101 1870 1216 1916 vanae

148 1938 353 2005 mirantibus:
372 1938 458 2022 quod
474 1939 558 2002 idem
573 1939 640 2004 dies
654 1939 774 2024 accepti
792 1941 950 2022 quondam
963 1940 1085 2025 imperii
1098 1941 1184 2026 prin-

148 2057 225 2121 ceps
253 2044 287 2101 et
311 2034 396 2098 vitae
422 2055 602 2118 supremus;
628 2033 713 2116 quod
735 2033 835 2097 Nolae
860 2034 893 2097 in
919 2034 1012 2098 domo
1039 2043 1071 2097 et
1095 2033 1184 2099 cubi-

149 2130 235 2207 mdo,
254 2130 369 2212 inquo
386 2127 560 2213 patereius
579 2125 750 2205 Octavius,
769 2128 865 2191 uitam
883 2127 1051 2204 finivisset3
1074 2149 1184 2191 nume-

147 2245 203 2288 ms
217 2224 314 2288 etiam
327 2221 546 2286 consulatuum
559 2221 785 2298 celebrabatur,
798 2241 862 2304 quo
871 2221 1033 2287 Valerium
1043 2221 1183 2286 Corvum

149 2327 181 2382 et
203 2316 242 2382 C.
266 2315 408 2380 Marium
430 2315 523 2380 simul
544 2326 747 2398 aequaverat;
775 2315 955 2380 continuata
978 2338 1037 2402 per
1062 2325 1182 2401 septem

149 2421 180 2477 et
205 2411 337 2497 triginta
361 2431 461 2474 annos
483 2408 649 2474 tribunicia
669 2419 823 2494 potestas,
851 2431 964 2474 nomen
985 2409 1181 2496 imperatoris

149 2505 250 2570 semel
273 2509 367 2588 atque
389 2503 486 2568 vicies
508 2512 632 2588 partum
655 2503 778 2586 aliaque
799 2502 955 2568 honorum
976 2504 1182 2590 multiplicata

148 2609 203 2664 aut
224 2621 319 2664 nova.
342 2607 375 2662 at
396 2598 481 2682 apud
502 2598 672 2682 prudentes
694 2598 761 2661 vita
777 2597 845 2662 eius
867 2599 953 2663 varie
975 2598 1181 2664 extollebatur

147 2692 395 2780 arguebatmucz
421 2691 455 2755 hi
475 2692 592 2777 pietate
614 2713 690 2777 erga
710 2703 871 2776 parentem
893 2703 925 2758 et
950 2694 1180 2758 necessitudine

146 2789 193 2853 rei
210 2785 372 2873 publicae,
394 2786 513 2870 inqua
534 2786 640 2851 nullus
663 2796 737 2850 tunc
758 2786 882 2873 legibus
904 2787 1007 2864 locus,
1031 2789 1072 2854 ad
1093 2811 1181 2853 anna

147 2883 255 2947 civilia
272 2889 387 2958 actum,
406 2902 488 2965 quae
505 2901 609 2963 neque
620 2881 723 2964 parari
732 2891 862 2965 possent
878 2903 980 2964 neque
997 2880 1106 2946 baberi
1122 2903 1181 2966 per

146 2976 249 3042 bonas
268 2984 366 3053 artes;
388 2974 488 3038 multa
504 2973 661 3052 Antonio,
685 2997 753 3038 curm
774 2975 990 3039 interfectores
1011 2975 1109 3059 patris
1132 2974 1180 3036 ul-

146 3071 334 3145 cisceretm‚
361 3069 460 3134 multa
482 3069 608 3154 Lepido
631 3069 837 3134 concessisse.
862 3078 1031 3152 postquam
1055 3068 1108 3131 hic
1130 3088 1181 3130 so-

146 3165 256 3230 cordia
278 3163 431 3241 senuerit,
453 3163 506 3228 ille
527 3186 585 3248 per
605 3157 750 3228 libidines
773 3183 903 3247 pessum
924 3162 1016 3224 datus
1039 3161 1094 3236 sit,
1116 3182 1180 3224 uon

145 3259 234 3324 aliud
248 3257 456 3322 discordantis
469 3259 589 3343 patriae
602 3257 776 3323 remedium
789 3256 890 3320 fuisse
904 3277 1000 3338 quam
1012 3267 1046 3318 at
1063 3252 1103 3319 ab
1116 3277 1179 3320 uno

145 3362 323 3440 regeretur3
341 3373 406 3416 non
422 3373 520 3438 regno
533 3362 638 3416 tamen
655 3373 758 3435 neque
776 3351 937 3428 dictatura,
957 3349 1014 3415 sed
1029 3349 1178 3435 principis

144 3447 274 3511 nomine
288 3445 488 3510 constitutam
503 3469 570 3510 rem
583 3445 756 3532 publicam3
775 3445 854 3509 mari
869 3443 1000 3511 Oceano
1013 3454 1068 3510 aut
1079 3445 1179 3509 amni-

81 3563 86 3574 ’
144 3541 206 3606 bus
230 3540 410 3626 longinquis
433 3549 577 3625 saeptum
601 3539 782 3625 imperium
808 3540 963 3626 legiones,
989 3539 1176 3626 provincias,

145 3634 282 3710 classes,
305 3643 419 3698 cuncta
439 3633 520 3698 inter
538 3655 572 3698 se
590 3655 745 3713 connexa3
767 3635 817 3699 ius
840 3635 925 3719 apud
947 3635 1047 3711 cives,
1070 3633 1178 3698 mode·

145 3728 239 3793 stiam
258 3727 343 3812 apud
361 3726 478 3806 socios3
500 3726 612 3792 urbem
629 3728 731 3812 ipsam
748 3727 915 3813 magnifico
933 3737 1058 3804 ornatu3
1076 3747 1178 3811 pauca

145 3822 319 3886 admodum
336 3821 368 3886 vi
386 3831 531 3900 bacam,
550 3843 613 3905 quo
631 3821 742 3886 ceteris
760 3823 849 3904 quies
868 3831 961 3886 esset.

209 3914 387 3980 Dicebatur
404 3925 525 3980 contra:
548 3915 696 4000 pietatem
714 3937 791 4001 erga
807 3925 969 4000 parentem
986 3922 1018 3977 et
1035 3922 1176 3997 tempora
1196 3932 1227 3979 10
1297 3977 1300 3982 .

143 4009 189 4073 rei
202 4008 349 4094 publicae
362 4009 502 4074 obtentui
521 4019 660 4095 sumpta3
679 4019 817 4074 ceterum
831 4008 977 4094 cupidine
995 4006 1176 4071 dominandi

143 4103 284 4168 concitos
297 4125 355 4188 per
367 4103 563 4190 largitionem
576 4112 751 4181 veteranos,
765 4113 909 4188 paratum
922 4101 963 4166 ab
976 4101 1175 4167 adulescente

143 4198 267 4285 privato
285 4199 470 4277 exercitum,
489 4207 650 4284 corruptas
669 4199 809 4264 consulis
825 4198 978 4284 legiones,
998 4197 1174 4263 simulatam
