2960 4962
312 455 520 516 curamur
536 457 611 512 nm.
624 455 674 512 v1.
692 456 963 530 ar-as.(1a-m,)
1090 449 1151 514 165

124 549 194 600 acu
204 551 240 590 aa.
274 579 280 587 .

122 638 265 683 cremare
284 616 460 700 quisquam,
478 637 543 680 non
561 614 755 699 contingere:
774 614 971 679 interciderat
985 617 1076 680 sortis
1093 617 1152 682 hu-

122 734 233 777 manae
253 711 476 775 commercium
494 711 525 774 vi
538 719 651 785 metus,
670 717 883 791 quantumque
897 707 1027 773 saevitia
1040 710 1152 795 glisce-

121 817 179 883 ret,
198 805 364 870 miseratio
381 803 553 868 arcebatur.

184 897 260 964 Sub
277 898 362 962 idem
380 907 503 982 tempus
522 895 561 961 O.
581 895 714 971 Caesar,
737 895 911 960 discedenti
929 894 1070 982 Capreas
1092 921 1152 964 avo
1171 895 1203 944 ²⁶

122 1014 245 1069 comes,
266 989 447 1067 Claudiam,
465 989 512 1054 M.
533 988 634 1055 Silani
651 989 763 1066 filiam,
782 989 927 1076 coniugio
945 990 1076 1075 accepit,
1094 992 1152 1057 im·
1166 957 1211 1009 (ῃ)

122 1108 250 1150 manem
267 1085 408 1149 animum
426 1083 560 1150 subdola
571 1083 726 1168 modestia
738 1097 858 1169 tegens,
877 1107 940 1148 non
954 1085 1153 1151 damnatione

122 1181 247 1257 matris,
274 1201 339 1244 non
356 1179 452 1243 exitio
468 1177 599 1242 flatrum
620 1186 714 1262 rupta
730 1198 823 1254 vooe;
850 1178 974 1261 qualem
996 1179 1080 1244 diem
1098 1179 1153 1245 Ti-

123 1273 228 1340 berius
254 1273 424 1350 induisset,
451 1273 528 1358 pari‘
543 1271 667 1348 habitu,
693 1270 779 1336 haud
805 1271 938 1337 multum
963 1271 1151 1340 distantibus

122 1369 242 1447 verbis3
260 1368 345 1434 unde
362 1390 437 1431 mox
455 1366 568 1431 scitum
586 1363 731 1430 Passieni
747 1366 877 1432 oratoris
896 1366 1013 1448 dictum
1030 1390 1153 1454 percre-

122 1461 219 1540 bnrit,
238 1481 342 1545 neque
360 1461 519 1526 meliorem
537 1481 687 1544 umquam
704 1482 831 1526 servum
847 1482 949 1545 neque
967 1462 1152 1527 deteriorem

124 1555 286 1620 dominum
304 1555 414 1620 fuisse.
766 1597 769 1600 -

183 1649 259 1714 Non
285 1649 445 1714 omiserim
469 1648 671 1736 praesagium
697 1647 816 1714 Tiberii
841 1651 881 1716 de
909 1648 1021 1717 Servio
1048 1647 1152 1716 Galba

126 1753 189 1807 tum
207 1743 352 1820 oonsule;
379 1764 474 1826 quem
496 1743 631 1808 accitum
655 1753 686 1808 et
707 1743 839 1809 diversis
863 1743 1059 1810 sermonibus
1081 1767 1152 1830 per-

125 1847 311 1921 temptatum
332 1847 492 1922 postremo
515 1834 646 1903 Graecis
673 1837 777 1903 verbis
802 1839 836 1902 in
861 1839 943 1904 hanc
966 1839 1152 1904 sententiam

126 1931 289 1996 adlocutus
309 1928 397 2017 [θεῇς
417 1941 468 2010 „et
485 1941 529 2009 tu,
549 1929 667 2009 Galba,
687 1932 875 2015 quandoque
893 1931 1076 2018 degustabis
1094 1932 1153 1994 im-

125 2025 280 2108 perium,“
301 2047 403 2090 seram
421 2048 458 2090 ao
476 2024 603 2091 brevem
620 2026 792 2111 potentiam
811 2024 1002 2111 significans,
1022 2026 1153 2089 scientia

128 2118 358 2186 Chaldaeorum
376 2121 460 2198 artis,
479 2121 568 2186 ouius
582 2121 771 2207 apiscendae
784 2120 882 2184 otium
896 2122 981 2205 apud
993 2120 1151 2197 Rhodum,

126 2217 310 2302 magistrum
333 2215 535 2280 Thrasullum
557 2215 681 2292 habuit,
708 2214 852 2300 peritiam
877 2215 945 2280 eius
971 2215 1032 2280 hoc
1059 2215 1152 2280 modo

128 2319 281 2394 expertus.
299 2309 443 2392 quotiens
463 2331 557 2395 super
574 2309 629 2374 tali
641 2309 769 2396 negotio
782 2309 981 2387 consultaret,
1000 2308 1084 2373 edita
1096 2307 1152 2373 do·
1170 2307 1202 2355 ²⁷

129 2425 194 2468 mus
211 2413 301 2488 parte
319 2424 357 2467 ac
373 2400 476 2468 liberti
494 2403 586 2468 unius
605 2402 796 2468 conscientia
811 2403 970 2482 utebatur3
989 2403 1016 2468 is
1034 2402 1151 2468 littera·
1164 2375 1197 2424 (Ἡ

128 2517 193 2561 rum
210 2497 355 2582 ignarus,
374 2518 503 2582 corpore
521 2496 639 2573 valido,
658 2518 714 2581 per
730 2497 802 2562 avia
819 2520 857 2563 ac
875 2498 1006 2584 derupta
1024 2535 1064 2544 -
1078 2520 1152 2562 nam

129 2592 210 2656 sams
223 2592 337 2655 domus
350 2589 492 2654 imminet
505 2590 697 2675 -praeibat
706 2614 778 2656 eum
796 2592 885 2658 cuius
903 2602 1002 2657 artem
1019 2591 1153 2677 experiri

129 2682 272 2750 Tiberius
291 2684 465 2761 statuisset,
484 2693 517 2748 et
533 2685 769 2770 regredientem,
788 2685 816 2750 ai
832 2685 978 2751 vanitatis
996 2695 1051 2750 aut
1067 2685 1153 2750 irau-

129 2777 202 2843 dum
219 2779 360 2864 suspicio
378 2779 557 2855 incesserat,
576 2779 610 2842 in
628 2779 803 2844 subiectum
820 2803 906 2844 mare
918 2779 1151 2866 praecipitabat,

129 2893 166 2937 ne
182 2874 279 2938 index
296 2874 402 2938 arcani
419 2873 575 2938 existeret.
598 2874 695 2960 igitur
703 2873 889 2940 Thrasullus
907 2874 1008 2938 isdem
1021 2872 1152 2957 rupibus

129 2967 273 3033 inductus
295 2978 464 3054 postquam
485 2979 720 3054 percontantem
737 2977 962 3044 commoverat,
989 2965 1154 3051 imperium

128 3059 187 3146 ipsi
209 3072 241 3127 et
262 3062 368 3127 futura
390 3062 519 3128 solerter
539 3055 746 3148 patefaciens,
772 3061 982 3146 interrogatur
1002 3083 1043 3122 an
1065 3081 1154 3122 suam

129 3175 254 3240 quoque
271 3156 440 3242 genitalem
457 3155 568 3220 horam
585 3153 804 3239 comperisset3
830 3174 925 3235 quem
943 3160 1009 3216 tum
1028 3172 1154 3226 annum,

129 3251 253 3333 qualem
275 3251 359 3316 diem
381 3251 520 3317 haberet.
545 3250 600 3315 ille
621 3248 743 3335 positus
766 3249 904 3314 siderum
926 3268 963 3312 ao
986 3246 1087 3332 spatia
1107 3244 1155 3308 di-

130 3366 266 3424 mensus,
284 3344 413 3409 haerere
429 3345 540 3431 primo,
559 3344 632 3410 dein
649 3365 827 3429 pavescere,
847 3352 878 3407 et
895 3351 1046 3426 quantum
1058 3340 1156 3405 intro-

131 3441 276 3525 spiceret,
303 3440 404 3526 magis
423 3462 460 3505 ac
482 3440 585 3526 magis
603 3439 744 3525 trepidus
762 3438 975 3504 admirationis
993 3447 1025 3504 et
1042 3445 1154 3511 metus,

130 3545 287 3619 postremo
296 3534 451 3600 exclamat
463 3534 648 3620 ambiguum
661 3532 767 3600 sibiae
779 3556 876 3620 prope
889 3533 1033 3599 ultimum
1047 3530 1156 3596 discri-

129 3650 199 3693 men
215 3629 348 3696 instarc:
367 3635 435 3693 tum
452 3629 635 3714 complexus
654 3651 726 3693 eum
744 3627 894 3694 Tiberius
907 3627 1085 3714 praescium
1101 3645 1157 3706 pe-

129 3722 296 3788 riculorum
317 3731 349 3788 et
373 3721 563 3789 incolumem
588 3722 656 3787 fore
677 3731 832 3808 gratatur3
859 3740 1003 3804 quaeque
1025 3717 1155 3790 dixerat,

129 3817 223 3882 oracli
239 3816 309 3882 viee
327 3816 493 3902 accipiens,
512 3816 593 3882 inter
608 3816 736 3880 intimos
755 3815 927 3883 amicorum
945 3819 1040 3875 tenet

192 3908 260 3977 Sed
285 3910 363 3974 mihi
387 3911 467 3975 haec
492 3932 530 3974 ac
555 3910 629 3975 talia
651 3907 791 3974 audienti
811 3907 844 3969 in
865 3905 983 3968 incerto
1005 3897 1207 4010 iudicium2n⁸

128 4014 184 4083 est,
202 4004 311 4070 fatone
323 4026 375 4070 res
388 4005 566 4070 mortalium
578 4015 610 4068 et
623 4000 810 4068 necessitate
823 3993 1010 4060 immutabili
1023 4012 1064 4057 an
1075 3990 1156 4055 sorte
1169 3969 1178 4020 l
1203 3970 1212 4018 ³

128 4099 307 4177 volvantur;
325 4099 443 4184 quippe
461 4097 709 4184 sapientissimos
726 4100 882 4166 veterum,
905 4087 1021 4171 quique
1040 4093 1157 4149 scotum

129 4215 236 4260 eorum
263 4193 474 4271 aemulantur,
502 4193 644 4258 diversos
665 4186 817 4273 reperias,
844 4207 882 4250 ac
903 4181 1009 4247 multis
1031 4179 1156 4246 insitam
