2960 4962
379 471 587 530 ANNALIUM
604 471 679 528 LIB.
692 473 741 529 IV.
760 475 879 530 61-66.
1084 463 1145 530 145

87 582 110 620 μ
120 569 165 610 cu.
176 569 216 608 ar.

86 637 226 712 obruta,
253 651 435 698 concursus
453 629 494 694 ad
511 631 671 696 exanimos
690 631 976 716 complectentium,
1001 635 1144 699 osculan-

88 731 186 808 tium3
209 737 249 794 et
267 747 369 795 saepe
382 734 549 803 certamen,
568 725 595 789 si
608 725 768 791 confusior
777 725 888 804 facies,
908 729 964 792 sed
976 751 1034 812 par
1046 728 1147 794 forma
1205 789 1215 806 ,

87 831 143 888 aut
166 830 274 887 aetas
308 841 444 884 errorem
473 818 737 904 adgnoscentibus
764 818 890 884 fecerat.
922 821 1156 908 quinquaginta

87 917 274 982 hominum
291 913 379 978 milia
392 929 431 978 eo
444 934 520 976 casu
534 912 694 978 debilitata
705 911 757 976 vel
769 911 884 978 obtrita
902 924 988 992 eunt3
1007 925 1148 979 cautum-

88 1011 216 1093 quein
242 1017 419 1095 posterum
446 1016 572 1070 senatus
600 1005 742 1070 consulto
763 1028 804 1070 ne
830 1007 901 1091 quis
927 1007 1147 1093 gladiatorium

89 1125 214 1169 munus
246 1103 380 1188 ederet,
411 1100 463 1165 eui
489 1100 590 1164 minor
614 1099 913 1186 quadringentorum
938 1101 1060 1165 milium
1084 1123 1146 1178 res,

90 1220 174 1263 neve
194 1196 481 1282 amphitheatrum
502 1195 714 1279 imponeretur
729 1195 791 1280 nisi
809 1194 875 1259 solo
898 1195 1052 1260 firmitatis
1076 1217 1147 1281 spe-

93 1301 210 1356 ctatae.
237 1290 369 1354 Atilius
382 1289 416 1353 in
429 1288 557 1352 exilium
575 1297 662 1354 actus
681 1298 738 1352 est.
762 1298 900 1353 ceterum
914 1289 973 1355 sub
990 1299 1147 1354 recentem

94 1386 224 1449 cladem
243 1394 386 1469 patuere
403 1405 568 1469 procemm
589 1383 717 1460 domus,
737 1382 879 1448 fomenta
896 1393 927 1448 et
945 1383 1058 1448 medici
1074 1406 1148 1470 pas-

96 1477 157 1542 sim
168 1477 334 1562 praebiti,
352 1476 474 1560 fuitque
487 1476 562 1542 urbe
575 1497 632 1560 per
644 1477 714 1541 illos
728 1477 805 1554 dies,
824 1499 1012 1562 quamquam
1026 1487 1148 1542 maesta

96 1570 194 1648 facie,
219 1579 377 1634 veterum
399 1569 548 1635 institutis
571 1570 696 1648 similis,
723 1571 777 1654 qui
800 1593 915 1658 magna
935 1581 1008 1657 post
1029 1572 1147 1656 proelia

98 1664 226 1728 saucios
247 1663 424 1749 largitione
442 1673 474 1728 et
490 1685 566 1728 cura
583 1664 808 1729 sustentabant.

161 1757 330 1824 Nondum
347 1779 386 1820 ea
403 1756 509 1821 clades
527 1758 717 1835 exoleverat,
740 1779 811 1823 cum
829 1760 912 1845 ignis
929 1760 1077 1824 violentia
1094 1783 1146 1824 ur·
1165 1781 1197 1829 64

99 1847 171 1913 bem
189 1851 284 1915 ultra
310 1851 440 1915 solitum
461 1850 578 1916 adfecit
598 1852 710 1917 deusto
731 1862 838 1917 monte
857 1851 965 1918 Caelio
971 1878 980 1930 ;
1003 1854 1147 1918 feralem-

104 1963 163 2024 que
181 1959 313 2010 annu'm
328 1943 472 2009 ferebant
489 1954 520 2008 et
537 1945 693 2010 ominibus
707 1947 849 2011 adversis
864 1956 1044 2030 susceptum
1062 1947 1148 2031 prin-

103 2036 163 2121 cipi
176 2039 358 2102 consilium
372 2037 541 2116 absentiae,
555 2040 609 2122 qui
622 2062 691 2104 mos
706 2041 812 2126 vulgo,
827 2040 956 2104 fortuita
969 2040 1010 2103 ad
1023 2041 1148 2124 culpam

107 2129 284 2210 trahentes,
316 2132 351 2196 ni
370 2130 491 2197 Caesar
512 2132 637 2198 obviam
653 2134 733 2199 isset
754 2132 919 2198 tribuendo
940 2133 1089 2216 pecunias
1108 2153 1148 2196 ex

105 2224 197 2289 modo
216 2226 422 2302 detrimenti3
441 2235 591 2310 actaeque
608 2227 638 2291 ei
655 2236 761 2313 grates
780 2226 865 2312 apud
884 2233 1026 2290 senatum
1044 2224 1084 2289 ab
1101 2225 1149 2288 in-

109 2314 259 2384 lustribus
278 2319 434 2402 famaque
452 2320 538 2404 apud
554 2320 715 2404 populum,
735 2320 809 2404 quia
827 2320 894 2384 sine
908 2318 1076 2384 ambitione
1095 2327 1149 2382 aut

108 2411 331 2492 proximorum
348 2411 495 2498 precibus
508 2413 634 2499 ignotos
653 2414 746 2478 etiam
764 2423 796 2478 et
813 2413 895 2479 ultro
912 2412 1029 2477 accitos
1047 2411 1150 2475 muni·

112 2501 232 2568 licentia
254 2507 394 2570 iuverat.
421 2503 581 2570 adduntur
602 2507 773 2572 sententiae
794 2516 830 2572 ut
851 2529 942 2572 mons
966 2505 1094 2570 Caelius
1116 2505 1150 2568 in

111 2606 270 2678 posterum
296 2598 469 2686 Augustus
492 2600 714 2684 appellaretur,
741 2599 867 2685 quando
889 2600 1009 2665 cunctis
1033 2599 1150 2664 circum

114 2687 321 2774 flagranubus
340 2694 410 2758 sola
429 2692 548 2758 Tiberii
566 2693 699 2779 efligies,
719 2695 779 2759 sita
795 2695 829 2758 in
846 2694 939 2758 domo
958 2693 1042 2757 Iunii
1060 2713 1151 2756 sena·

114 2783 194 2861 toris,
203 2785 362 2852 inviolata
370 2787 555 2852 mansisset:
570 2787 713 2853 evenisse
721 2788 754 2852 id
763 2789 837 2852 olim
843 2787 996 2852 Claudiae
1002 2785 1149 2867 Quintae,

118 2875 240 2961 eiusque
267 2891 411 2948 statuam
437 2881 502 2945 vim
527 2881 649 2967 ignium
670 2881 720 2947 bis
748 2881 889 2966 elapsam
910 2879 1044 2943 maiores
1067 2877 1152 2960 apud

118 2969 220 3037 aedem
246 2976 362 3041 matris
390 2975 486 3039 deum
513 2976 762 3051 consecravisse3
790 2981 916 3037 sanctos
943 2979 1152 3052 acceptosque

119 3065 293 3134 huminibus
319 3067 491 3146 Claudios,
518 3077 549 3133 et
575 3066 754 3154 augendam
781 3063 1003 3129 caerimoniam
1028 3061 1098 3123 loeo
1120 3059 1153 3120 in

120 3175 176 3236 quo
192 3169 318 3228 tantum
336 3163 371 3226 in
388 3162 564 3248 principem
581 3162 733 3226 honorem
751 3158 785 3221 di
802 3154 1011 3220 ostenderent.

177 3251 274 3322 Haud
291 3257 392 3322 fuerit
406 3255 580 3322 absurdum
592 3254 716 3319 tradere
734 3257 874 3315 montem
891 3266 964 3311 eum
982 3241 1153 3326 antiquitus
1173 3265 1205 3311 at»

124 3339 412 3432 Querquetulanum
435 3357 647 3436 cognomento
665 3346 766 3410 fuisse
784 3340 871 3425 quod
888 3338 959 3404 talis
978 3338 1075 3402 silvae
1093 3335 1156 3400 fre-

17 3455 20 3535 }
123 3455 211 3516 quens
239 3444 467 3527 fecundusque
498 3452 579 3521 erat,
611 3462 687 3505 mox
720 3437 866 3503 Caelium
896 3431 1109 3517 appellitatum
1136 3451 1156 3492 a

20 3611 21 3616 γ
126 3526 210 3599 Caele
229 3536 397 3616 Vibenna,
426 3537 481 3621 qui
503 3537 571 3600 dux
597 3534 701 3620 gentis
724 3531 881 3596 Etruscae
907 3548 979 3591 eum
1005 3523 1156 3629 auxilium

125 3628 284 3709 appellatus
318 3633 461 3709 tulisset,
500 3630 610 3694 sedem
641 3649 712 3690 eam
743 3629 909 3706 acceperat
934 3641 954 3682 a
984 3615 1156 3718 Tarquinio

126 3711 236 3801 Prisco,
259 3750 319 3792 seu
338 3724 514 3811 quisalius
536 3743 651 3808 regum
668 3717 769 3782 dedit:
792 3735 868 3778 nam
886 3709 1052 3791 scriptores
1070 3721 1157 3804 ¹¹¹.⁰⁰

126 3807 310 3886 dissentiunt.
339 3828 449 3884 cetera
466 3839 533 3882 non
550 3812 702 3897 ambigua
720 3817 809 3881 sunt,
828 3821 961 3884 mssgm
979 3816 1033 3857 ΕΜ
1051 3811 1157 3872 ⁰⁰P¹⁸⁸

129 3909 269 3992 perplana
278 3916 380 3981 etiam
389 3935 428 3978 ae
437 3911 510 3976 foro
518 3906 699 3995 propinqua
706 3895 911 3966 habitavisse,
925 3887 1009 3950 unde
1018 3881 1158 3944 Tuscum

129 3995 218 4066 vicum
235 4028 252 4071 e
269 4007 433 4074 vocabulo
451 4005 651 4069 advenarum
669 3995 799 4056 dictum·
917 4070 924 4086 ,
950 4068 957 4084 ‚

185 4092 245 4163 Sed
261 4114 296 4167 ut
315 4099 428 4166 studia
444 4113 618 4182 procerum
635 4096 669 4150 et
684 4079 810 4164 largffi⁰
828 4071 975 4158 ΡΓῙΜΨιε
994 4065 1160 4130 “dveffum
1178 4081 1209 4128 ⁶⁶

31 4167 42 4271 l
131 4199 208 4253 caus
226 4195 377 4262 solatium
396 4191 550 4263 tulerant,
573 4185 620 4247 ita
638 4181 858 4241 accusatorum
880 4157 1028 4322 maiqqin
1045 4156 1111 4218 dies
1129 4168 1160 4218 et

37 4278 42 4415 Ι
178 4302 287 4355 rectaene.
300 4312 318 4354 ι.
