3042 4956
296 433 359 500 232
519 457 521 464 ’
555 451 560 460 “
645 440 828 498 CORNELII
840 437 974 494 TACITI

1216 543 1236 570 a.
1248 545 1268 572 u.
1281 535 1346 572 SOS.

294 604 400 668 valent
425 599 558 678 inlicita,
585 598 786 676 abhorrebat3
813 596 1070 682 metuebaturque
1091 622 1131 663 ne
1154 600 1189 662 in
1217 611 1345 685 stupra

294 697 481 762 feminarum
502 693 679 760 inlustrium
700 701 927 778 prorumperet,
953 692 980 756 si
997 692 1050 756 illa
1071 692 1202 758 libidine
1219 695 1344 780 prohi-

294 791 429 856 beretur.

246 907 277 954 13
340 884 406 950 Sed
419 882 596 970 Agrippina
609 881 751 948 libertam
764 880 928 958 aemulam,
947 904 1061 945 nurum
1074 882 1231 960 ancillam,
1251 883 1342 948 alia-

296 1001 357 1063 que
375 978 510 1044 eundem
531 977 563 1040 in
581 975 708 1040 modum
729 975 922 1039 muliebriter
943 975 1074 1040 fremere
1096 997 1199 1059 neque
1217 978 1339 1062 paeni-

224 1075 228 1084 '
297 1073 424 1138 tentiam
450 1071 504 1136 filii
530 1079 585 1134 aut
611 1069 785 1134 satietatem
807 1069 955 1154 opperiri,
983 1078 1161 1153 quantoque
1184 1069 1338 1135 foediora

296 1165 518 1252 exprobrabat,
540 1163 642 1228 acrius
661 1162 844 1240 accendere,
868 1164 968 1228 donec
985 1163 1017 1227 vi
1039 1163 1154 1228 amoris
1173 1163 1335 1229 subactus

297 1270 424 1327 exueret
441 1259 627 1342 obsequium
644 1259 677 1322 in
695 1268 825 1322 matrem
844 1281 940 1342 seque
959 1257 1098 1324 Senecae
1119 1260 1332 1344 permitteret,

297 1378 337 1420 ex
359 1354 448 1420 cuins
470 1352 676 1418 familiaribus
694 1350 846 1417 Annaeus
866 1350 1004 1417 Serenus
1023 1353 1220 1417 simulatione
1239 1377 1333 1418 amo-

295 1449 338 1514 ris
357 1449 507 1512 adversus
525 1447 657 1510 eandem
673 1446 827 1528 libertam
838 1445 954 1531 primas
973 1446 1180 1511 adulescentis
1204 1447 1331 1532 cupidi-

296 1564 351 1606 nes
370 1540 527 1604 velaverat
538 1539 785 1624 praebueratque
803 1539 927 1623 nomen,
945 1549 980 1604 ut
997 1555 1077 1622 quae
1094 1539 1241 1626 princeps
1260 1541 1330 1605 fur-

296 1635 351 1698 tim
364 1632 564 1697 mulierculae
577 1631 742 1710 tribuebat,
757 1633 809 1697 ille
818 1633 922 1718 palam
935 1634 1108 1720 largiretur.
1127 1643 1196 1698 tum
1205 1633 1328 1720 Agrip-

294 1727 369 1812 pina
381 1726 480 1790 versis
495 1725 613 1814 artibus
623 1747 679 1811 per
691 1725 906 1791 blandimenta
917 1727 1063 1792 iuvenem
1076 1728 1216 1813 adgredi,
1232 1751 1328 1793 suum

295 1821 399 1908 potius
414 1819 591 1885 cubiculum
609 1842 647 1884 ac
665 1820 768 1884 sinum
782 1821 894 1886 offerre
909 1821 1110 1907 contegendis
1124 1843 1206 1904 quae
1223 1822 1328 1907 prima

296 1924 382 1980 aetas
401 1924 432 1978 et
449 1937 572 1980 summa
589 1915 715 1979 fortuna
735 1925 929 2000 expeterent3
952 1916 1028 1998 quin
1050 1924 1081 1979 et
1102 1914 1261 1980 fatebatur
1277 1917 1327 1979 in-

296 2011 512 2096 tempestivam
527 2009 723 2075 severitatem
741 2017 772 2073 et
790 2032 918 2074 suarum
932 2032 1036 2094 opum,
1056 2031 1136 2092 qnae
1154 2009 1240 2074 haud
1252 2032 1328 2095 pro-

297 2104 348 2168 cul
364 2103 570 2189 imperatoriis
588 2101 730 2180 aberant,
753 2091 870 2187 copias‘
877 2103 1032 2180 tradebat,
1055 2114 1090 2166 ut
1111 2104 1207 2168 nimia
1224 2127 1328 2190 nuper

297 2199 469 2264 coercendo
491 2197 568 2274 filio,
590 2197 635 2262 ita
655 2220 780 2262 rursum
800 2198 1041 2283 intemperanter
1062 2198 1214 2262 demissa:
1242 2220 1327 2281 quae

296 2293 427 2358 mutatio
445 2313 546 2374 neque
560 2290 716 2356 Neronem
729 2290 848 2368 fefellit,
868 2300 899 2355 et
914 2291 1050 2376 proximi
1068 2291 1240 2356 amicorum
1257 2315 1328 2356 me-

297 2385 426 2450 tuebant
443 2384 635 2468 orabantque
658 2407 768 2450 cavere
784 2384 915 2450 insidias
937 2385 1076 2452 mulieris
1099 2408 1223 2471 semper
1240 2395 1326 2450 atro-

220 2543 225 2553 ,
297 2479 351 2554 cis,
371 2487 438 2542 tum
451 2487 482 2542 et
495 2477 603 2542 falsae.
626 2477 706 2542 forte
719 2478 781 2544 illis
795 2477 905 2544 dicbus
921 2477 1040 2544 Caesar
1057 2479 1197 2564 inspecto
1211 2489 1326 2544 ornatu

296 2592 358 2654 quo
384 2571 560 2656 principum
587 2570 735 2658 coniuges
763 2593 800 2637 ac
821 2583 965 2658 parentes
993 2573 1186 2650 effulserant,
1214 2573 1326 2659 deligit

295 2673 416 2729 vestem
434 2673 465 2728 et
482 2685 624 2749 gemmas
641 2665 788 2748 misitque
806 2667 923 2736 donum
940 2668 1045 2744 matri,
1068 2667 1154 2736 nulla
1170 2668 1327 2753 parsimo-

296 2758 357 2835 nia,
373 2780 445 2822 cum
457 2758 626 2844 praecipua
640 2768 671 2823 et
684 2761 789 2846 cupita
802 2761 871 2826 aliis
880 2762 964 2847 prior
977 2763 1111 2827 deferret
1116 2786 1125 2839 ;
1140 2763 1196 2826 sed
1205 2759 1326 2848 Agrip-

296 2853 370 2938 pina
387 2875 450 2917 non
467 2851 516 2917 his
534 2852 645 2918 instrui
662 2854 764 2919 cultus
783 2878 867 2934 suos,
886 2856 943 2920 aed
960 2856 1070 2920 ceteris
1089 2856 1186 2920 arceri
1202 2857 1323 2941 procla·-

297 2956 363 3013 mat
380 2957 411 3011 et
432 2947 570 3011 dividere
592 2947 692 3022 filium
712 2971 794 3032 quae
816 2958 928 3014 cuncta
948 2972 989 3015 ex
1010 2950 1080 3035 ipsa
1099 2949 1242 3014 haberet:
1264 2973 1324 3016 nec

298 3041 426 3108 defuere
443 3041 547 3126 quiin
565 3042 701 3108 deterius
719 3043 878 3128 referrent.

249 3156 280 3202 14
361 3135 406 3204 Et
422 3135 505 3201 Nero
522 3136 665 3202 infensus
687 3137 740 3215 iis,
764 3137 877 3221 quibus
896 3136 1042 3222 superbia
1064 3137 1223 3202 muliebris
1242 3138 1324 3202 inni-

298 3230 433 3306 tebatur,
461 3232 607 3296 demovet
628 3231 802 3296 Pallantem
829 3254 1028 3296 curararum
1054 3233 1124 3315 quis
1147 3255 1166 3296 a
1189 3231 1324 3297 Claudio

297 3323 462 3406 impositus
485 3324 571 3388 velut
588 3326 749 3390 arbitrium
770 3327 860 3412 regni
877 3325 1004 3412 agebat;
1027 3326 1245 3410 ferebaturque
1268 3327 1324 3390 de-

297 3415 457 3500 grediente
478 3438 516 3479 eo
539 3441 655 3504 magna
680 3421 935 3504 prosequentium
960 3419 1157 3486 multitudine
1183 3443 1246 3485 non
1267 3419 1325 3484 ab·

298 3507 390 3570 surde
409 3507 539 3572 dixisse:
562 3510 607 3574 ire
625 3510 814 3589 Pallantem,
837 3522 872 3576 ut
894 3515 1041 3592 eiuraret3
1065 3536 1140 3578 sanc
1161 3514 1325 3600 pepigerat

297 3599 403 3666 Pallas
421 3622 461 3665 ne
479 3601 568 3666 cuius
586 3603 662 3668 facti
683 3605 717 3669 in
733 3607 934 3690 praeteritum
955 3608 1197 3694 interrogaretur
1217 3629 1325 3693 pares·

298 3717 360 3783 que
384 3695 519 3762 rationes
547 3719 619 3762 cum
641 3720 674 3763 re
696 3699 822 3784 publica
846 3700 985 3766 haberet.
1016 3723 1166 3788 praeceps
1191 3701 1325 3786 posthac

298 3791 476 3878 Agrippina
500 3813 590 3858 ruere
615 3793 657 3858 ad
682 3803 829 3859 terrorem
852 3802 883 3859 et
904 3795 1020 3874 minas,
1047 3818 1149 3879 neque
1174 3795 1324 3881 principis

299 3885 425 3951 auribus
445 3885 600 3953 abstinere
617 3910 679 3973 quo
701 3889 805 3954 minus
824 3896 988 3954 testaretur
1010 3889 1151 3954 adultum
1172 3890 1235 3954 iam
1253 3911 1324 3953 esse

299 3978 522 4058 Britannicum,
541 4005 647 4048 veram
661 3983 850 4070 dignamque
864 3983 991 4068 stirpem
1011 3983 1209 4068 suscipiendo
1225 3981 1323 4068 patris

260 4080 266 4091 ’
298 4070 437 4156 imperio,
457 4076 541 4156 quod
553 4076 665 4142 insitus
680 4087 710 4142 et
723 4078 887 4163 adoptivus
901 4100 957 4164 per
969 4077 1096 4142 iniurias
1115 4075 1223 4140 matris
1236 4096 1326 4140 exer-

299 4174 395 4244 ceret3
423 4189 485 4230 non
507 4167 642 4236 abnuere
665 4194 700 4236 se
721 4172 797 4256 quin
820 4183 930 4238 cuncta
951 4171 1083 4236 infelicis
1107 4170 1218 4237 domus
1241 4167 1325 4234 mala
