3042 4956
427 455 930 514 nuscumuam.x1.1c-ao.
1129 443 1193 510 189

151 561 173 601 ρ.
184 549 231 591 cn.
243 552 282 590 aa.

216 618 288 682 Per
304 615 390 681 idem
414 625 536 701 tempus
556 614 691 691 Chauci,
714 613 800 680 nulla
821 614 1017 680 dissensione
1038 613 1138 694 domi,
1161 625 1192 682 et
1212 635 1243 684 ts

150 721 263 777 morte
277 709 446 794 Sanquinii
459 709 587 786 alacres,
601 708 677 773 dum
691 707 831 774 Corbulo
844 710 1001 787 adventat,
1014 708 1192 776 inferiorem

152 804 371 870 Germaniam
387 804 586 868 incursavere
602 803 682 867 duce
696 801 876 881 Gannasco,
894 803 949 886 qui
965 803 1091 868 natione
1108 803 1194 870 Can·

151 899 301 976 ninesas,
320 897 481 962 auxiliaris
498 909 529 962 et
545 898 599 960 diu
616 897 758 974 meritas,
780 906 854 982 post
871 896 1048 983 uansfuga,
1070 897 1192 966 levibus

152 993 299 1080 navigiis
322 990 566 1077 praedabundus
585 989 750 1056 Gallorum
771 991 907 1056 maxime
929 1014 1018 1056 cram
1039 991 1192 1069 vastabat,

152 1110 225 1151 non
242 1088 375 1173 ignmm
393 1086 474 1150 dites
492 1094 523 1149 et
540 1084 672 1150 inbelles
689 1106 769 1149 esse.
793 1094 825 1149 at
843 1084 984 1150 Corbulo
1000 1085 1193 1171 pmviuciam

152 1182 338 1267 ingressus,
356 1201 562 1265 magnacum
579 1201 654 1244 cura
671 1187 702 1243 et
719 1202 794 1243 mox
811 1179 920 1266 gloria,
940 1179 990 1244 cui
1007 1179 1194 1266 principium

152 1275 215 1340 illa
232 1274 347 1340 militia
364 1273 438 1350 suit,
456 1273 596 1338 triremes
614 1272 704 1338 alveo
721 1273 839 1351 Rheni,
862 1283 981 1338 ceteras
1000 1273 1141 1350 navium,
1159 1282 1194 1338 ut

154 1391 308 1453 quaeque
326 1367 462 1444 habiles,
480 1390 537 1453 per
553 1368 709 1432 aestuaria
726 1377 758 1432 ct
774 1367 878 1434 fossas
896 1368 1016 1454 adegit3
1035 1367 1194 1434 lintribus-

155 1487 224 1548 que
236 1464 380 1539 hostium
393 1463 551 1548 depressis
564 1472 594 1528 et
608 1463 772 1528 exturbato
786 1456 965 1541 Gannasco,
978 1463 1033 1529 ubi
1046 1485 1194 1549 praesen-

157 1560 208 1624 tia
223 1559 303 1624 satis
322 1558 496 1642 composita
513 1567 600 1634 sunt,
618 1556 759 1644 legiones
777 1581 906 1644 operum
924 1568 955 1624 et
970 1558 1087 1625 laboris
1104 1559 1194 1646 igna-

157 1675 233 1731 vas,
251 1651 511 1738 populationibus
529 1652 690 1728 laetantes,
708 1662 846 1717 veterem
864 1653 904 1718 ad
921 1675 1041 1718 morem
1057 1653 1192 1730 reduxit,

158 1748 293 1831 nequis
311 1748 438 1834 agmine
460 1747 623 1812 decederet
645 1769 703 1811 nec
720 1768 859 1832 pugnam
876 1748 938 1814 nisi
959 1748 1065 1814 iussus
1086 1747 1191 1814 iniret:

160 1843 326 1918 stationes,
345 1841 480 1926 vig‘liae,
498 1841 610 1906 diurna
623 1850 835 1925 nocturnaque
853 1842 960 1906 munia
971 1843 1005 1906 in
1017 1843 1112 1908 armis
1126 1840 1194 1928 agi·

161 1935 325 2011 labantur,
349 1934 515 2018 feruntque
536 1934 680 2013 militem,
703 1935 778 2018 quia
799 1935 917 1999 vallum
938 1958 1001 2000 non
1023 1935 1192 2011 accinctus,

162 2040 257 2112 atque
271 2029 380 2104 abum,
399 2029 472 2111 quia
484 2028 621 2114 pugione
635 2037 756 2092 tantum
770 2028 927 2092 accinctus
945 2027 1076 2104 foderet,
1094 2037 1193 2092 morto

161 2126 302 2210 punitos.
330 2146 412 2208 quae
429 2123 526 2188 nimia
547 2132 578 2188 et
594 2125 747 2188 incertum
765 2145 806 2186 an
823 2122 905 2187 falso
922 2121 1018 2198 iacta,
1041 2121 1194 2206 originem

163 2229 270 2284 tamen
288 2239 307 2282 e
325 2218 490 2283 severitate
512 2217 601 2282 ducis
623 2228 760 2294 traxere3
783 2217 1000 2299 intentumque
1018 2224 1049 2280 et
1071 2215 1193 2300 magnis

164 2312 287 2376 delictis
302 2311 527 2377 inexorabilem
541 2311 633 2389 scias,
647 2311 698 2376 cui
711 2320 832 2376 tantum
847 2310 1022 2396 asperitatis
1037 2309 1131 2374 etiam
1139 2309 1194 2374 ad·

164 2429 276 2470 versus
294 2406 379 2471 levia
395 2405 588 2471 credebatur.

228 2497 383 2564 Ceterum
394 2499 422 2565 is
436 2509 535 2565 terror
546 2499 660 2564 milites
673 2500 842 2584 hostesque
856 2499 888 2564 in
902 2487 1061 2566 diveisum
1074 2497 1192 2564 affecit:
1213 2517 1244 2566 m

162 2616 221 2658 nos
239 2594 390 2657 virtutem
404 2594 559 2672 auximus,
578 2593 703 2659 barbari
715 2595 864 2660 ferociam
877 2594 1041 2682 infregere.
1065 2603 1096 2658 et
1108 2593 1193 2660 natio

162 2687 340 2752 Frisiorum
356 2697 430 2772 post
445 2687 647 2753 rebellionem
670 2687 757 2752 clade
774 2689 816 2752 L.
834 2687 969 2774 Apronii
986 2697 1128 2773 coeptam
1146 2689 1194 2752 in·

162 2781 256 2846 sensa
273 2790 330 2845 aut
351 2781 434 2846 male
454 2781 532 2858 fida,
555 2781 636 2845 datis
655 2781 817 2848 obsidibus
836 2783 977 2848 consedit
998 2783 1083 2868 apud
1100 2804 1193 2867 agros

161 2899 183 2940 a
196 2874 380 2940 Corbulone
397 2875 586 2962 descriptos3
604 2875 688 2940 idem
703 2885 856 2952 senatum,
875 2875 1088 2961 magistratus,
1105 2874 1193 2960 leges

161 2970 314 3056 inposuit,
333 2993 371 3034 ac
383 2991 424 3034 ne
436 2970 524 3034 iussa
537 2979 695 3047 exuerent,
714 2969 905 3054 praesidium
918 2968 1105 3043 immunivit,
1120 2969 1195 3034 mis-

163 3064 207 3128 sis
225 3063 283 3148 qui
299 3063 434 3129 maiores
454 3062 602 3128 Chaucos
620 3064 661 3128 ad
678 3063 868 3128 deditionem
884 3060 1079 3144 pellicerent,
1102 3058 1195 3125 simul

164 3155 375 3222 Gannascum
392 3157 465 3222 dolo
483 3157 741 3244 aggrederentur:
759 3177 819 3220 nec
835 3155 939 3220 irritae
952 3163 1007 3218 aut
1023 3153 1194 3238 degeneres

162 3253 298 3317 insidiae
314 3252 403 3317 fuere
416 3252 568 3318 adversus
581 3252 779 3338 hanssugam
792 3259 824 3316 et
836 3249 1019 3316 violatorem
1032 3247 1115 3313 fidei.
1139 3246 1194 3312 sed

163 3347 261 3411 caede
279 3347 348 3412 eius
365 3357 470 3414 motae
489 3346 692 3412 Chaucorum
708 3355 845 3424 mentem
867 3353 899 3410 et
917 3341 1058 3412 Corbulo
1075 3341 1197 3408 semina

162 3440 343 3506 rebellionis
365 3440 551 3526 praebebat,
576 3451 613 3505 nt
633 3440 717 3506 laeta
737 3439 822 3526 apud
843 3439 1023 3527 plerosque,
1045 3437 1090 3504 ita
1111 3435 1196 3524 apud

162 3535 320 3618 quosdam
343 3535 470 3600 sinistra
491 3535 592 3600 sama:
614 3556 671 3600 cur
690 3534 815 3601 hostem
836 3533 991 3601 conciret?
1013 3534 1146 3600 adversa
1162 3531 1196 3596 iu

162 3651 231 3693 rem
248 3629 411 3715 publicam
428 3652 541 3695 casura
546 3654 556 3707 ;
575 3629 624 3694 ain
641 3651 790 3716 prospere
807 3629 939 3716 egisset,
957 3625 1196 3694 formidolosum

162 3724 237 3808 paci
253 3724 358 3788 virum
375 3724 534 3810 insignem
551 3731 584 3788 et
599 3723 716 3810 ignavo
732 3723 865 3808 principi
881 3740 1097 3807 praegravem.

228 3817 334 3903 Igitur
350 3816 506 3882 Claudius
524 3816 604 3882 adeo
620 3839 734 3882 novam
752 3817 786 3880 in
804 3812 992 3882 Germanias
1009 3810 1074 3874 vim
1090 3804 1197 3892 prohi-

163 3909 232 3975 buit
249 3922 286 3975 ut
306 3911 418 3976 referri
438 3910 598 3997 praesidia
618 3910 665 3975 cis
682 3910 830 3975 Rhenum
851 3906 983 3970 iuberet.
1008 3902 1072 3966 iam
1093 3909 1198 3964 castra
1214 3917 1248 3966 ac

162 4003 196 4068 in
213 4003 323 4070 hostili
343 4006 413 4071 solo
434 4005 576 4070 molienti
594 4001 769 4070 Corbuloni
790 4022 847 4064 eae
867 3998 990 4062 litterae
1009 3993 1196 4060 redduntur:

163 4096 216 4161 ille
232 4121 268 4164 re
285 4099 393 4165 subita
409 4121 601 4185 quamquam
614 4097 714 4161 multa
726 4091 820 4158 simul
832 4088 1076 4166 effunderentur,
1093 4093 1196 4154 motus

163 4212 204 4256 ex
215 4193 416 4280 imperatore,
435 4192 627 4279 contemptio
640 4212 681 4255 ex
693 4185 845 4264 barbaris,
862 4180 1031 4250 ludibrium
1045 4180 1130 4269 apud
1146 4201 1198 4248 so-
