2958 4960
161 549 196 591 oh
393 459 601 518 ANNALIUM
618 461 693 516 LIB.
707 463 744 516 11.
761 463 882 518 48-52.
1108 453 1151 518 65

127 561 153 601 a
205 551 236 591 n.

125 619 228 684 divum
244 615 434 704 Augustum
455 639 494 682 ac
511 616 673 683 Tiberium
694 628 726 683 et
746 629 878 686 matrem
899 621 967 687 eius
989 621 1149 690 inlusisset

126 712 314 795 Caesarique
332 731 476 776 connexa
489 710 640 776 adulterio
657 721 823 790 teneretur,
841 714 1012 782 maiestatis
1030 717 1149 783 delator

125 805 311 872 arcessebat
334 805 376 870 de
389 805 542 870 adulterio
556 805 631 870 satis
649 806 754 870 caveri
765 806 836 892 lege
848 807 931 872 Iulia
947 808 1065 875 visunu
1082 835 1149 876 ma-

122 901 239 965 iestatis
257 899 380 966 crimen
396 898 548 985 distingui
566 897 686 964 Caesar
701 899 873 984 postulavit
889 900 1102 986 damnumque,
1121 907 1149 970 si

121 994 238 1078 quade
256 991 410 1080 Augusto
430 993 609 1080 inreligiose
626 993 772 1072 dixisset3
794 993 830 1058 in
845 1015 880 1059 se
900 994 984 1060 iacta
1003 996 1086 1062 nolle
1107 999 1149 1062 ad

121 1088 333 1176 cognitionem
346 1087 461 1153 vocari.
482 1087 692 1174 interrogatus
705 1111 725 1152 a
737 1087 865 1152 consule
883 1088 959 1172 quid
972 1089 1012 1154 de
1024 1089 1063 1154 iis
1076 1111 1149 1154 cen·

121 1192 199 1248 seret
216 1205 301 1267 quac
319 1183 360 1246 de
377 1191 476 1246 matre
493 1179 561 1246 mus
574 1181 679 1246 locuta
692 1203 783 1247 secus
801 1191 992 1268 argueretur,
1010 1184 1147 1260 reticuit3

119 1277 189 1342 dein
206 1276 355 1362 proximo
378 1283 503 1340 senatus
522 1275 574 1340 die
593 1275 678 1340 illius
696 1297 821 1359 quoque
842 1276 968 1341 nomine
990 1276 1091 1342 oravit
1107 1299 1147 1342 nc

120 1371 168 1436 cui
184 1370 286 1436 verba
302 1370 337 1434 in
354 1391 424 1434 eam
441 1390 568 1454 quoquo
589 1369 683 1434 modo
700 1368 808 1435 habita
829 1369 950 1434 crimini
971 1369 1088 1448 sorent3
1109 1370 1147 1434 li-

119 1463 303 1548 beravitque
320 1461 489 1549 Apuleium
506 1462 577 1550 lege
598 1463 785 1528 maiestatis:
807 1461 950 1529 adulterii
970 1463 1145 1549 graviorem

117 1581 252 1644 poenam
269 1559 472 1644 deprecatus,
493 1566 530 1622 ut
546 1557 691 1643 exemplo
707 1557 860 1622 maiorum
876 1558 1060 1644 propinquis
1078 1559 1144 1624 suis

116 1653 196 1718 ultra
213 1651 466 1718 ducentesimum
486 1650 624 1736 lapidem
640 1661 852 1718 removeretur
869 1652 981 1731 suasit3
1003 1653 1144 1720 adultero

115 1745 237 1811 Manlio
253 1745 349 1812 Italia
365 1755 459 1829 atque
476 1746 589 1810 Africa
604 1745 802 1811 interdictum
821 1755 878 1812 cst

176 1841 232 1906 De
249 1851 394 1926 praetore
411 1841 445 1904 in
461 1840 565 1906 locum
579 1839 726 1926 Vipstani
744 1839 838 1918 Galli,
857 1862 951 1924 quem
968 1863 1053 1908 mors
1070 1840 1143 1906 abs·
1161 1861 1191 1909 51

116 1935 242 2012 tulerat,
263 1933 465 2021 subrogando
484 1943 641 2000 certamen
657 1935 799 2002 incessit:
824 1931 1031 2000 Germanicus
1049 1943 1143 2016 atque

114 2029 242 2095 Drusus
252 2068 296 2077 —
305 2053 380 2094 nam
389 2029 482 2094 etiam
491 2039 558 2094 tum
566 2029 687 2095 Romae
701 2028 1016 2094 erant-Haterium
1024 2025 1144 2113 Agrip-

114 2143 201 2204 pam,
227 2123 442 2210 propinquum
464 2121 658 2202 Germanici,
685 2123 848 2190 fovebantr
870 2133 979 2188 oontm
1002 2121 1143 2207 plerique

114 2218 295 2282 nitebantur
315 2227 351 2281 ut
367 2239 516 2283 numerus
533 2217 701 2284 liberorum
722 2217 757 2282 in
774 2216 948 2282 candidatis
969 2214 1143 2302 praepolle-

114 2321 169 2389 ret,
187 2311 276 2395 quod
288 2311 342 2376 lex
353 2310 489 2376 iubebat.
512 2310 686 2377 laetabatur
704 2309 860 2389 Tiberius,
879 2333 952 2376 oum
963 2311 1044 2380 inter
1060 2309 1141 2374 filios

114 2406 180 2471 eius
198 2417 231 2470 et
249 2406 339 2492 leges
352 2417 479 2474 senatus
497 2408 699 2494 disceptaret:
717 2409 801 2474 victa
818 2407 947 2474 estsine
964 2406 1061 2473 dubio
1077 2406 1139 2484 lex,

113 2501 169 2564 sed
186 2521 291 2583 neque
305 2501 411 2564 statim
421 2509 456 2565 et
471 2502 580 2587 paucis
595 2501 763 2588 suffiagiis,
782 2503 940 2587 quomodo
957 2502 1051 2568 etiam
1068 2523 1141 2568 cum

114 2594 254 2658 valerent
270 2594 359 2680 leges
377 2595 590 2662 vincebantur.

173 2688 303 2752 Eodem
321 2711 402 2754 anno
420 2699 565 2775 coeptum
581 2691 615 2756 in
632 2689 744 2756 Africa
761 2692 887 2768 bellum,
906 2692 986 2758 duce
1002 2690 1142 2757 hostium
1158 2705 1191 2754 aa

114 2780 329 2859 Tacfarinate3
346 2783 374 2848 is
391 2783 517 2849 natione
534 2783 685 2862 Numida,
703 2785 737 2850 in
754 2787 864 2851 castris
882 2786 1034 2851 Romanis
1053 2786 1142 2850 auxi·

113 2874 199 2940 liaria
217 2875 374 2960 stipendia
394 2877 538 2956 meritus,
561 2901 636 2944 mox
656 2880 809 2958 desertor,
831 2901 931 2966 vagos
952 2880 1088 2964 primum
1110 2889 1141 2942 et

114 2969 282 3036 latrociniis
302 2980 408 3036 suetos
425 2972 467 3036 ad
487 2973 638 3058 praedam
655 2983 686 3039 et
707 2982 816 3060 raptus
838 2994 1044 3058 congregare,
1067 2971 1141 3036 dein

113 3085 197 3129 more
214 3063 346 3128 militiae
362 3087 419 3150 per
438 3065 554 3132 vexilla
571 3076 602 3131 et
619 3077 738 3132 turmas
761 3086 960 3151 componere,
982 3076 1140 3149 postremo

114 3180 174 3223 nou
190 3158 370 3224 inconditae
384 3158 493 3225 turbae
511 3160 568 3226 sed
579 3160 844 3226 Musulamiorum
862 3159 928 3223 dux
945 3158 1067 3236 haberi3
1085 3181 1140 3224 va·

114 3250 175 3317 lida
199 3275 240 3316 ea
265 3273 346 3338 gens
372 3262 403 3318 et
429 3253 648 3320 solitudinibus
674 3254 805 3323 Africae
830 3252 1020 3340 propinqua,
1051 3252 1138 3318 nullo

115 3346 204 3412 etiam
227 3356 297 3410 tum
319 3345 443 3412 urbium
464 3348 563 3426 cultu,
586 3350 670 3436 cepit
690 3373 778 3416 arma
798 3347 992 3432 Maurosque
1014 3347 1137 3414 accolas

114 3439 280 3508 inbellum
298 3443 400 3507 traxit
423 3444 537 3508 duret
554 3443 618 3522 his,
637 3442 802 3530 Mazippa3
820 3443 1002 3527 divisusque
1020 3443 1138 3508 exerei-

115 3545 174 3615 tus,
201 3547 241 3601 ut
262 3536 446 3602 Tacfarinas
468 3537 566 3603 lectos
592 3539 676 3603 viros
699 3548 730 3604 et
750 3539 929 3604 Romanmn
949 3538 984 3602 iu
1008 3538 1138 3603 modum

115 3641 248 3695 armatos
271 3630 381 3695 castris
399 3632 557 3708 attineret,
580 3632 745 3717 disciplina
761 3643 793 3698 et
809 3633 947 3719 imperiis
970 3641 1137 3709 suesceret,

116 3720 263 3810 Mazippa
275 3724 340 3788 levi
356 3747 428 3790 cum
441 3726 533 3812 copia
544 3725 688 3791 incendia
701 3737 733 3791 et
750 3728 861 3792 caedes
877 3735 909 3790 et
920 3735 1069 3793 terrorem
1080 3724 1139 3788 cir-

116 3819 290 3883 cumferret.
324 3819 589 3905 conpulerantque
615 3819 784 3898 Cinithios,
814 3819 901 3884 haud
930 3817 1138 3904 spernendam

116 3913 285 3990 nationem,
306 3913 340 3976 iu
361 3914 486 3993 eadem,
510 3937 582 3980 eum
604 3914 720 3980 Furius
739 3913 907 3990 Camillus,
929 3934 987 3996 pro
1009 3912 1137 3976 consule

115 4003 255 4084 Africae,
278 4007 434 4093 legionem
456 4018 488 4072 et
503 4010 590 4092 qnod
611 4008 671 4074 sub
693 4009 792 4094 signis
816 4006 972 4073 sociorum
988 4005 1022 4070 in
1039 4027 1137 4072 unum

116 4102 283 4168 conductos
301 4102 342 4166 ad
358 4102 482 4168 hostem
499 4103 601 4181 duxit,
620 4101 776 4168 modicam
793 4123 934 4178 manum,
954 4100 982 4165 si
998 4099 1137 4167 multitu-

116 4192 214 4261 dinem
232 4196 441 4264 Numidarum
463 4207 556 4283 atque
578 4198 763 4264 Maurorum
786 4206 958 4284 spectarem
980 4196 1037 4264 sed
1058 4197 1136 4262 nibil

165 4313 241 4359 Taciti
253 4316 294 4358 ool.
307 4314 323 4357 l.
945 4306 962 4362 5
