2958 4960
405 435 613 492 ANNALIUM
629 435 704 490 LlB.
719 435 756 490 II.
774 437 893 491 61-65.
1117 427 1155 490 ‘ll

131 541 149 578 ρ.
159 527 198 568 cn
209 529 242 569 ro.

130 595 358 678 consenuitque
384 592 518 657 multum
543 591 707 657 imminuta
733 593 871 664 claritate
896 595 937 660 ob
963 596 1091 662 nimiam
1113 599 1159 664 vi.

129 689 216 755 rendi
234 689 433 774 cupidinem.
461 687 544 752 idem
564 685 736 752 Catualdae
754 710 846 754 casus
868 711 970 774 neque
988 691 1072 757 aliud
1089 717 1159 779 per-
1223 713 1226 720 ·

128 784 261 869 fugium:
284 783 405 868 pulsus
423 780 509 846 haud
526 781 624 846 multo
645 793 718 866 post
734 782 1028 851 Hermundurorum
1046 788 1158 874 opibus

128 889 156 942 et
171 877 294 942 Vibilio
315 877 414 953 duce,
433 885 638 960 receptusque
659 876 779 942 Forum
796 877 928 957 Iulium,
946 879 1158 948 Narbonensis

129 970 247 1038 Galbae
267 971 445 1047 coloniam,
464 969 609 1046 mittitur3
628 969 751 1036 barbari
770 981 935 1057 utrumque
954 975 1101 1052 comitati,
1119 999 1159 1042 ne

127 1068 244 1150 quietas
258 1067 445 1152 provincias
459 1065 591 1130 immixti
604 1065 772 1142 turbarent,
790 1066 974 1132 Danuvium
988 1068 1069 1134 ultra
1080 1070 1160 1136 iuter

128 1163 253 1226 flumina
266 1161 404 1226 Marum
422 1170 453 1224 et
468 1158 589 1224 Cusum
602 1158 752 1237 locantur,
770 1159 844 1226 dato
857 1183 932 1247 rege
945 1161 1071 1228 Vannio
1083 1187 1160 1249 gen-

128 1256 164 1321 tis
181 1255 388 1338 Quadorum.

189 1349 298 1416 Simul
312 1350 458 1414 nuntiato
471 1369 578 1433 regem
592 1345 747 1412 Artaxian
759 1347 919 1416 Armeniis
938 1375 956 1415 a
971 1349 1160 1434 Germanico
1178 1376 1210 1423 64

129 1445 232 1508 datum
245 1446 421 1510 decrevere
434 1453 538 1530 patres
551 1452 587 1507 ut
600 1439 807 1508 Germanicus
822 1456 915 1528 atque
923 1445 1051 1512 Drusus
1064 1470 1160 1526 ovan-

130 1549 172 1602 tes
189 1537 306 1604 urbem
325 1537 504 1614 introirent3
523 1536 631 1601 structi
650 1544 681 1605 et
698 1559 789 1602 arcus
807 1538 927 1604 circum
937 1540 1034 1606 latera
1052 1543 1158 1628 templi

129 1631 238 1697 Martis
267 1632 396 1698 Ultoris
423 1653 495 1695 cum
521 1629 627 1715 effigie
655 1628 841 1710 Caesarum,
868 1632 995 1699 laetiore
1022 1634 1158 1712 Tiberio,

131 1727 199 1810 qnia
210 1749 331 1812 pacem
346 1725 497 1810 sapientia
509 1725 696 1802 firmaverat,
715 1727 850 1808 quamsi
869 1726 984 1793 bellum
1001 1751 1058 1814 per
1075 1729 1158 1796 acies

130 1820 330 1887 confecisset.
354 1821 450 1906 igitur
461 1820 690 1904 Rhescuporim
700 1842 837 1904 quoque,
857 1822 1028 1890 Thraeciae
1041 1847 1158 1911 regem,

132 1925 198 1980 astu
219 1915 422 2002 adgreditur:
445 1937 569 1980 omnem
588 1937 657 1980 eam
679 1916 835 1980 nationem
853 1916 1092 1983 Rhoemetalces
1116 1929 1161 1984 te·

125 2020 251 2088 ‚nuerat3
280 2033 347 2094 quo
370 2009 518 2074 defuncto
540 2008 708 2094 Augustus
731 2020 852 2094 partem
875 2010 1052 2076 Thraecum
1076 2012 1161 2076 Rhe-

134 2106 298 2189 scuporidi,
313 2104 403 2168 fratri
412 2104 489 2181 eius,
503 2115 623 2189 partem
634 2103 696 2168 filio
708 2104 802 2189 Cotyi
816 2105 971 2190 permisit;
986 2106 1018 2169 in
1032 2128 1069 2170 ea
1082 2106 1161 2170 divi-

134 2197 215 2262 sione
228 2223 308 2264 arva
321 2208 353 2263 et
366 2197 459 2262 urbes
473 2207 504 2263 et
517 2197 619 2262 vicina
633 2194 764 2263 Graecis
779 2196 883 2282 Cotyi,
903 2199 988 2281 quod
999 2198 1160 2277 incultum,

135 2290 232 2370 ferox,
256 2295 418 2360 adnexum
440 2291 599 2369 hostibus,
622 2291 854 2377 Rhescuporidi
875 2292 984 2372 cessit3
1007 2293 1162 2379 ipsorum·

135 2407 191 2467 que
207 2410 323 2474 regum
335 2377 470 2472 ingenia,
488 2386 533 2451 illi
550 2387 624 2450 mite
643 2395 674 2452 et
691 2409 867 2464 amoenum,
885 2388 959 2454 huic
976 2398 1075 2466 atrox,
1095 2389 1161 2452 avi·

137 2479 255 2546 dumet
273 2481 433 2546 societatis
455 2481 609 2565 inpatiens
628 2491 703 2545 erat.
731 2482 787 2546 sed
809 2483 909 2566 primo
933 2482 1066 2549 subdola
1087 2504 1162 2548 con-

137 2575 236 2640 cordia
254 2597 364 2662 egere:
383 2596 457 2639 mox
473 2575 687 2661 Rhescuporis
707 2577 813 2662 egredi
830 2577 919 2655 fines,
939 2588 1058 2642 vertere
1076 2578 1108 2642 ia
1127 2601 1161 2642 sc

139 2665 227 2753 Cotyi
243 2671 321 2734 data
338 2678 369 2733 et
386 2669 543 2734 resistenti
560 2669 625 2734 vim
642 2669 755 2747 facere,
774 2681 957 2738 cunctanter
974 2670 1033 2736 sub
1048 2669 1162 2757 Augu·

139 2771 195 2838 sto,
217 2785 315 2847 quem
332 2771 491 2828 auctorem
509 2763 670 2847 utriusque
688 2764 790 2850 regni,
814 2765 842 2830 si
859 2775 1070 2851 sperneretur,
1094 2766 1162 2828 vin-

138 2853 232 2921 dicem
242 2855 418 2922 metuebat:
433 2857 590 2922 enimvero
600 2858 707 2922 audita
719 2859 890 2924 mutatione
899 2859 1048 2944 principis
1057 2859 1162 2924 inmit-

140 2958 197 3015 tere
214 2952 371 3017 latronum
389 2951 515 3037 globos,
534 2951 716 3018 exscindere
735 2951 877 3029 castella,
896 2974 1008 3016 causas
1026 2951 1119 3016 bello.

195 3045 282 3111 Nihil
301 3068 400 3130 aeque
418 3045 579 3112 Tiberium
600 3047 730 3110 anxium
750 3045 887 3110 habebat
903 3067 998 3127 quam
1021 3066 1061 3107 ne
1079 3066 1164 3109 com·
1183 3067 1215 3114 65

140 3139 235 3220 posita
253 3139 464 3204 turbarentur:
483 3140 592 3226 deligit
610 3140 821 3204 centurionem
839 3139 893 3221 qui
910 3137 1066 3202 nuntiaret
1082 3138 1165 3223 regi-

140 3229 193 3297 bus
206 3257 245 3300 ne
258 3233 354 3298 armis
368 3233 591 3319 disceptarent3
610 3234 778 3317 statimque
792 3257 811 3298 a
826 3231 927 3317 Cotye
945 3231 1076 3296 dimissa
1090 3243 1164 3298 suut

141 3346 213 3407 quae
230 3337 396 3414 paraverat
413 3328 543 3406 auxilia3
562 3328 777 3413 Rhescuporis
795 3328 868 3392 licta
885 3325 1039 3392 modestia
1055 3336 1164 3412 postu-

141 3416 179 3482 lat
195 3423 330 3486 cundem
348 3423 381 3486 in
397 3421 501 3486 locum
519 3422 665 3486 coiretur:
683 3445 777 3508 posse
796 3423 834 3488 de
853 3421 1071 3486 controversiis
1090 3443 1164 3486 con·

141 3510 237 3597 loquio
255 3517 397 3603 transigi.
420 3539 477 3582 nec
496 3517 550 3580 diu
568 3516 744 3581 dubitatum
762 3515 801 3582 de
820 3526 969 3603 tempore,
988 3516 1071 3594 loco,
1091 3517 1164 3580 dein

142 3611 375 3690 conditionibus,
390 3633 462 3676 cum
476 3611 553 3675 alter
567 3610 724 3689 facilitate,
744 3613 821 3677 alter
834 3612 944 3677 fraude
959 3621 1071 3676 cuncta
1084 3611 1164 3686 inter

144 3725 173 3766 sc
188 3707 393 3771 concederent
415 3705 660 3790 acciperentque.
688 3706 901 3793 Rhescuporis
924 3705 1107 3779 sanciendo,
1129 3713 1165 3768 ut
1245 3777 1249 3788 1

143 3797 311 3878 dictitabat,
334 3799 453 3872 foederi
475 3800 654 3865 convivium
672 3802 779 3877 adicit,
802 3810 962 3882 tractaque
984 3799 1017 3861 in
1034 3797 1165 3860 multam

144 3905 258 3960 noctem
271 3895 389 3960 laetitia
407 3918 463 3980 per
476 3895 583 3980 epulas
603 3917 640 3960 ae
658 3895 857 3960 vinolentiam
875 3894 1035 3956 incautum
1050 3888 1163 3975 Cotyn,

143 3998 170 4051 ct
184 4001 352 4076 postquam
369 3991 476 4055 dolum
493 3991 700 4068 intellexerat,
725 4011 814 4060 sacra
834 3987 936 4073 regni,
960 3985 1100 4049 eiusdem
1119 3985 1166 4050 fa·

144 4083 237 4150 miliae
256 4086 334 4149 deos
353 4093 384 4148 et
401 4083 563 4169 hospitalis
582 4107 707 4150 mensas
725 4082 935 4148 obtestantem
954 4079 1072 4145 catenis
1090 4101 1165 4146 one·

144 4186 192 4255 rat,
206 4179 423 4262 Thraeciaque
437 4179 521 4244 omni
535 4179 653 4264 potitus
668 4177 792 4262 scripsit
805 4176 846 4242 ad
855 4175 1017 4241 Tiberium
1031 4183 1164 4241 structas
