2958 4960
319 460 360 527 16
665 469 849 528 CORNELII
862 469 995 528 TACITI

1233 573 1253 604 ι.
1264 576 1284 605 u.
1296 567 1343 609 ror.

317 653 429 718 corpus
452 627 697 696 effunderentur:
721 649 758 693 ac
781 629 814 692 ni
835 650 966 714 propere
988 650 1090 712 neque
1112 651 1225 716 corpus
1244 632 1345 698 ullum

316 725 457 810 reperiri,
481 733 512 788 et
535 743 642 788 servos
665 721 812 787 adhibitis
835 723 1024 788 cruciatibus
1047 722 1184 788 abnuere
1202 726 1344 804 caedem,

316 840 417 903 neque
434 817 479 882 illi
496 815 594 882 fuisse
611 837 761 900 umquam
780 815 906 880 fratrem
923 816 1141 902 pernotuisset‚
1160 818 1245 882 haud
1263 820 1346 884 mul-

316 923 383 978 tum
405 911 445 978 ab
468 911 562 976 exitio
579 910 675 996 legati
692 909 830 979 aberant.
858 909 998 976 tribunos
1021 919 1126 976 tamen
1143 933 1180 978 ac
1201 913 1346 998 praefec-

315 1017 383 1074 tum
409 1015 581 1072 castrorum
604 1013 778 1084 extrusere3
807 1004 946 1070 sarcinae
972 1004 1160 1092 fugientium
1187 1007 1345 1094 direptae3

315 1112 347 1166 ct
372 1100 511 1166 centurio
536 1098 681 1164 Lucilius
706 1098 902 1176 interficitur,
931 1100 981 1164 eui
1008 1099 1193 1167 militaribus
1220 1101 1345 1168 facetiis

315 1193 502 1260 vocabulum
522 1190 632 1273 „Cedo
650 1191 798 1257 alteram“
818 1192 1001 1270 indiderant,
1021 1194 1095 1277 quia
1112 1193 1212 1260 fracta
1227 1195 1294 1260 vite
1311 1196 1346 1262 in

315 1299 403 1376 tergo
420 1287 526 1353 militis
545 1286 673 1352 alteram
688 1287 772 1352 clara
789 1307 866 1352 voce
884 1309 921 1352 ao
938 1310 1046 1354 rursus
1065 1287 1158 1354 aliam
1175 1289 1344 1375 poscebat3

315 1392 433 1448 ceteros
455 1381 593 1446 latebrae
615 1389 735 1458 texere,
758 1403 821 1445 uno
843 1390 963 1446 retento
983 1379 1146 1448 Clemente
1167 1383 1265 1462 Iulio,
1289 1385 1346 1469 qui

313 1475 506 1562 perferendis
525 1473 659 1540 militum
673 1475 828 1540 mandatis
842 1473 1016 1540 habebatur
1028 1475 1160 1542 idoneus
1178 1476 1219 1542 ob
1236 1500 1345 1563 prom·

313 1581 404 1656 ptum
428 1569 599 1656 ingenium.
631 1569 708 1654 quin
732 1569 821 1656 ipsae
848 1570 935 1644 inter,
950 1591 984 1636 se
1009 1570 1151 1657 legiones
1177 1581 1291 1637 octava
1313 1582 1345 1638 et

314 1663 423 1748 quinta
439 1664 561 1730 decima
577 1662 695 1728 ferrum
712 1663 879 1749 parabant,
902 1664 978 1730 dum
995 1666 1209 1730 centmionem
1226 1688 1345 1753 cogno·

314 1768 420 1824 mento
435 1756 592 1845 Sirpicum
610 1757 663 1823 illa
680 1757 772 1823 morti
790 1758 942 1844 deposcit,
961 1759 1235 1842 quintadecumani
1253 1770 1345 1826 tuen-

315 1861 373 1931 tur,
392 1852 425 1918 ni
442 1852 532 1918 miles
549 1874 692 1918 nonanus
709 1873 819 1938 preces
838 1861 869 1916 et
886 1852 1053 1918 adversum
1071 1854 1267 1940 aspernantis
1285 1855 1345 1922 mi-

315 1970 371 2013 nas
389 1947 604 2014 interieoisset.

265 2061 297 2110 as
379 2042 470 2109 Haec
483 2042 590 2109 audita
603 2064 794 2128 quamquam
808 2043 989 2109 abstrusum
1006 2052 1037 2108 et
1054 2042 1233 2109 tristissima
1246 2063 1346 2134 quae-

315 2157 377 2221 que
394 2137 530 2203 maxime
552 2137 759 2204 occultantem
778 2136 941 2203 Tiberium
962 2136 1125 2222 perpulere
1147 2146 1182 2202 ut
1197 2135 1346 2204 Drusum

315 2231 413 2296 filium
428 2253 499 2298 cum
512 2231 699 2317 primoribus
714 2231 848 2296 civitatis
857 2231 1042 2314 duabusque
1055 2231 1217 2317 praetoriis
1232 2231 1346 2298 cohor-

316 2324 399 2390 tibus
422 2325 581 2402 mitteret,
593 2325 687 2390 nullis
706 2325 781 2390 satis
801 2326 893 2390 certis
915 2325 1085 2403 mandabo,
1110 2347 1150 2390 ex
1166 2347 1200 2390 re
1218 2326 1346 2392 eonsul-

316 2427 428 2484 turum.
456 2427 487 2483 et
504 2417 648 2484 cohortes
666 2419 786 2485 delecto
804 2419 902 2485 milite
925 2441 1020 2506 supra
1042 2419 1169 2486 solitum
1189 2420 1344 2486 firmatae.

315 2511 440 2578 additur
457 2535 572 2599 magna
593 2536 666 2599 pars
683 2515 871 2600 praetoriani
889 2515 1002 2599 equitis
1025 2524 1057 2580 et
1077 2515 1191 2581 robora
1209 2512 1347 2582 Germa·

314 2628 439 2684 norum,
459 2607 513 2690 qui
530 2616 598 2672 tum
615 2609 761 2674 custodes
778 2607 959 2695 imperatori
976 2610 1119 2689 aderant;
1142 2609 1235 2674 simul
1253 2632 1346 2696 prae·

315 2699 385 2766 torii
409 2700 586 2786 praefectus
612 2701 725 2768 Aelius
750 2701 899 2780 Seianus,
927 2702 1049 2790 collega
1072 2702 1234 2781 Straboni,
1260 2705 1346 2789 patri

315 2816 383 2873 suo,
398 2795 499 2873 dutus,
514 2817 631 2882 magno
643 2797 729 2883 apud
742 2796 904 2862 Tiberium
918 2798 1110 2876 auctoritate,
1124 2806 1225 2863 rector
1236 2798 1346 2864 iuveni

315 2899 346 2954 et
364 2888 474 2954 ceteris
491 2889 700 2975 periculorum
717 2892 988 2976 praemiorumque
1006 2899 1187 2957 ostentator.

378 2983 486 3050 Druso
499 2985 720 3070 propinquanti
737 2986 828 3070 quasi
841 3007 897 3072 per
914 2985 1054 3051 officium
1067 2984 1179 3051 obviae
1197 2984 1285 3050 fuere
1299 2985 1345 3052 le-

315 3080 436 3168 giones,
454 3101 518 3144 non
535 3078 645 3158 laetae,
664 3089 699 3145 ut
717 3080 847 3158 adsolet,
865 3101 967 3164 neque
979 3078 1156 3166 insignibus
1173 3078 1344 3166 fulgentes,

315 3175 373 3240 sed
388 3174 504 3240 inluuie
522 3174 656 3240 deformi
677 3185 709 3240 et
726 3174 828 3252 vultu,
851 3195 1042 3258 quamquam
1063 3173 1252 3238 maestitiam
1272 3173 1345 3238 imi-

264 3289 297 3340 as
315 3277 462 3345 tarentur,
481 3268 695 3333 contumaciae
707 3269 877 3354 propiores.
899 3277 1068 3354 postquam
1080 3267 1198 3332 vallum
1214 3266 1343 3345 introiit,

314 3371 419 3448 portas
438 3359 624 3426 stationibus
638 3361 771 3438 firmant,
789 3361 902 3447 globos
916 3370 1105 3427 armatorum
1119 3360 1211 3426 certis
1225 3369 1345 3426 casuu-

313 3477 384 3520 rum
405 3452 482 3518 locis
501 3453 636 3538 opperiri
657 3453 779 3532 iubent3
802 3456 897 3520 ceteri
918 3455 1055 3520 tribunal
1075 3453 1195 3542 ingenti
1216 3455 1345 3541 agmine

314 3545 570 3612 circumveniunt.
598 3546 701 3613 stabat
721 3547 864 3626 Drusus,
892 3549 1049 3615 silentium
1071 3571 1168 3613 manu
1192 3569 1345 3634 posccus;

314 3640 360 3706 illi
381 3639 525 3726 quotiens
548 3640 656 3706 oeulos
678 3641 719 3706 ad
739 3642 971 3708 multitudinem
992 3642 1189 3720 rettulerant,
1212 3641 1345 3708 vocibus

315 3733 498 3802 truculentis
516 3741 667 3820 strepere,
685 3757 810 3800 rursum
827 3736 897 3803 viso
916 3733 1053 3802 Caesare
1071 3735 1241 3822 trepidare3
1259 3757 1346 3800 mur-

315 3853 386 3894 mur
398 3830 559 3906 incertum,
579 3837 668 3895 atrox
685 3829 802 3896 elamor
815 3840 846 3896 et
863 3839 990 3916 repente
1007 3830 1113 3914 quies3
1131 3829 1264 3896 dirrersis
1277 3829 1345 3894 ani-

316 3945 439 3990 morum
451 3922 588 3990 motibus
601 3923 759 4010 pavebant
776 3923 1009 4008 terrebantque:
1027 3924 1154 3990 tandem
1171 3923 1345 4009 interrupto

316 4017 451 4082 tumultu
476 4017 594 4084 litteras
619 4017 718 4104 patris
743 4019 866 4096 recitat,
892 4017 925 4082 in
951 4018 1022 4102 quis
1047 4016 1257 4105 perscriptum
1278 4027 1345 4082 erat

315 4110 516 4198 praecipuam
537 4111 599 4198 ipsi
620 4111 861 4178 fortissimarum
882 4111 1042 4200 legionum
1064 4133 1186 4189 cruam,
1213 4109 1345 4195 quibus·

316 4203 544 4290 complurima
566 4205 648 4273 bella
673 4205 883 4286 toleravissct3
908 4205 964 4272 ubi
988 4205 1124 4292 primum
1146 4227 1166 4271 a
1186 4204 1274 4270 luctu
1294 4226 1344 4270 rc-
