2960 4962
318 424 380 488 130
665 427 849 484 CORNELII
862 423 992 482 TAOITI

1176 527 1196 556 a.
1206 528 1228 556 u.
1239 519 1290 558 777.
1304 519 1366 558 trs.

313 593 410 670 bella,
432 587 681 675 expugnationes
699 584 837 662 urbium,
860 584 950 649 fusos
969 593 1140 669 captosque
1157 607 1266 671 reges,
1294 604 1365 652 aut

314 687 342 752 si
364 684 490 771 quando
511 681 553 748 ad
573 681 695 744 interna
715 686 958 764 praeverterent,
973 679 1153 744 'discordias
1177 679 1364 744 consulum

314 779 482 846 adversum
500 774 651 851 tribunos,
669 773 808 859 agrarios
825 771 1107 856 frumentariasque
1123 772 1221 859 leges,
1240 773 1361 859 plebis

314 883 346 938 et
362 870 559 958 optimatium
581 868 750 934 certamina
766 865 865 934 libero
887 888 1018 954 egressu
1031 866 1265 934 memorabant:
1290 891 1361 932 no-

252 993 255 1000 *
314 967 363 1034 bis
381 968 414 1032 in
431 973 499 1030 arto
517 973 548 1028 et
564 961 716 1048 inglorius
733 959 836 1038 labor3
858 960 989 1026 immota
1009 961 1126 1046 quippe
1148 971 1203 1026 aut
1219 961 1359 1026 modice

313 1060 460 1130 lacessita
480 1081 557 1144 pax,
583 1065 723 1122 maestae
744 1054 830 1121 urbis
852 1077 917 1132 res;
944 1066 975 1122 et
995 1056 1141 1141 princeps
1162 1055 1358 1140 proferendi

313 1155 435 1241 imperii
449 1152 624 1218 incuriosus
637 1159 718 1227 erat;
736 1171 799 1214 non
813 1158 918 1214 tamen
931 1149 999 1214 sine
1015 1172 1077 1215 usu
1090 1149 1357 1236 fueritvintrospi-

314 1272 384 1316 cere
409 1248 464 1314 illa
484 1247 586 1332 primo
608 1254 739 1330 aspectu
758 1244 854 1321 levia,
881 1265 922 1308 ex
943 1241 1013 1328 quis
1035 1265 1220 1330 magnarum
1248 1267 1354 1330 saepe

263 1365 295 1411 33
313 1365 417 1411 rerum
434 1351 539 1406 motus
556 1339 707 1404 oriuntur.
729 1359 803 1402 nam
820 1346 948 1402 cunctas
966 1336 1107 1402 nationes
1125 1345 1156 1402 et
1173 1336 1270 1402 rubes
1288 1359 1354 1424 po-

312 1437 405 1524 pulus
429 1445 484 1500 aut
503 1434 656 1520 primores
678 1441 733 1496 aut
755 1431 872 1517 singuli
892 1441 1018 1518 regunt:
1045 1431 1167 1497 delecta
1188 1453 1229 1496 ex
1251 1431 1292 1496 iis
1315 1443 1352 1497 et

313 1529 492 1596 consociate
512 1528 558 1592 rei
579 1526 724 1612 publicae
746 1525 848 1592 forma
868 1525 989 1592 laudari
1010 1525 1134 1592 facilius
1156 1547 1254 1609 quam
1273 1547 1351 1592 sve-

313 1625 394 1700 nire,
420 1622 472 1686 vel
490 1621 518 1686 si
539 1620 656 1696 evenit,
683 1619 769 1684 haud
791 1620 939 1686 diuturna
958 1641 1029 1686 esse
1049 1627 1168 1705 potest3
1195 1619 1294 1705 igitur
1311 1628 1351 1684 ut

313 1719 388 1784 olim
416 1715 509 1802 plebe
540 1715 643 1779 valida
672 1714 736 1778 vel·
749 1735 822 1778 cum
851 1724 956 1799 patres
986 1714 1153 1801 pollerent,
1183 1714 1351 1781 noscenda

315 1810 401 1898 vulgi
417 1819 530 1876 natura
546 1817 577 1872 et
599 1807 714 1892 quibus
731 1808 833 1874 modis
856 1817 1064 1893 temperanter
1084 1806 1268 1885 haberetur,
1297 1830 1348 1874 se·

313 1915 468 1990 natusque
486 1913 517 1970 et
530 1902 728 1988 optimatium
740 1902 867 1988 ingenia
883 1903 938 1986 qui
949 1903 1085 1968 maxime
1102 1902 1347 1988 perdidicerant,

314 1999 418 2066 callidi
441 2008 617 2085 temporum
638 1987 679 2062 et'
693 1996 849 2080 sapientes
871 1989 1090 2074 credebantur,
1119 1996 1165 2060 sio
1191 2017 1347 2060 converso

315 2103 398 2160 statu
415 2113 517 2176 neque
535 2091 646 2158 aliare
663 2089 806 2155 Ronrcna
823 2110 918 2173 quam
936 2090 964 2154 si
981 2113 1063 2156 unus
1080 2089 1248 2174 maritet,
1266 2089 1347 2154 haec

314 2185 455 2270 conquiri
472 2185 614 2268 tradique
632 2185 666 2248 in
681 2205 748 2248 rem
765 2183 873 2260 fuerit,
896 2183 971 2266 quie
990 2183 1085 2268 pauci
1104 2182 1272 2268 prudentia
1288 2182 1347 2248 ho-

314 2289 404 2346 nesta
421 2277 461 2344 ab
484 2276 702 2353 deterioribus,
726 2277 815 2341 utilia
837 2275 877 2342 ab
894 2276 996 2342 noxiis
1020 2277 1213 2353 discernunt,
1237 2275 1346 2361 plures

314 2373 445 2438 aliorum
462 2372 582 2436 eventis
600 2372 760 2436 docentur.
788 2380 925 2436 ceterum
942 2380 977 2436 ut
994 2371 1173 2456 profutura,
1190 2370 1236 2434 ita
1253 2369 1348 2435 mini-

313 2489 400 2530 mum
417 2464 632 2530 oblectationis
646 2463 805 2542 adferunt3
823 2488 897 2530 nam
910 2465 989 2530 situs
1006 2464 1158 2551 gentium,
1176 2463 1346 2528 varietates

313 2557 515 2642 proeliorum,
543 2557 618 2622 clari
640 2558 757 2622 ducum
782 2559 886 2624 exitus
911 2560 1046 2624 retinent
1067 2579 1105 2624 ao
1119 2557 1348 2643 *redintegrant

313 2651 484 2737 legentium
502 2650 656 2716 animum:
678 2673 737 2716 nos
756 2674 851 2717 saeva
868 2653 968 2730 iussa,
988 2652 1152 2719 continuas
1170 2650 1347 2718 accusatio-

313 2767 384 2821 nes,
407 2743 536 2810 fallaces
555 2745 722 2822 amicitias,
745 2745 915 2830 perniciem
937 2745 1149 2812 innocentium
1168 2754 1199 2808 et
1216 2743 1348 2810 easdem

313 2838 400 2904 exitu
426 2859 538 2904 causas
565 2838 800 2924 coniungimus,
830 2839 925 2906 obvia
949 2861 1054 2904 rerum
1085 2837 1288 2904 similitudine
1314 2847 1348 2902 et

314 2932 471 3010 satietate;
494 2941 575 3011 tum,
598 2933 684 3016 quod
706 2933 842 3020 antiquis
862 2933 1065 3018 scriptoribus
1082 2954 1171 2998 rarus
1190 2919 1347 2997 obtrecta-

314 3037 379 3106 tor,
408 3047 510 3110 neque
535 3027 630 3093 refert
657 3027 842 3110 cuiusquam
867 3026 1005 3092 Punicas
1031 3026 1234 3092 Romanasve
1260 3025 1347 3090 acies

313 3121 426 3188 laetius
440 3121 603 3190 extulerisr
621 3131 653 3188 at
666 3121 845 3198 multorum,
860 3120 914 3205 qui
927 3120 1055 3187 Tiberio
1067 3128 1196 3206 regente
1209 3139 1348 3202 poenum

314 3215 365 3279 vel
382 3214 528 3280 infamias
543 3214 675 3292 subiere,
693 3215 812 3299 posteri
828 3223 968 3292 manant3
985 3224 1083 3297 utque
1101 3214 1240 3282 familiae
1256 3215 1348 3300 ipsae

313 3308 377 3370 iarn
394 3308 549 3380 extinctae
568 3308 643 3384 sint,
669 3308 806 3391 reperies
828 3309 883 3391 qui
904 3308 945 3374 ob
968 3308 1204 3374 similitudinem
1221 3329 1347 3374 morum

314 3398 415 3462 aliena
432 3398 599 3464 malefacta
616 3399 677 3464 sibi
689 3399 838 3466 obiectari
855 3410 979 3486 putent3
997 3403 1092 3468 etiam
1109 3403 1211 3489 gloria
1228 3424 1266 3468 ac
1284 3401 1349 3466 vir-

314 3501 365 3554 tus
378 3489 519 3555 infensos
532 3490 637 3568 habet,
655 3501 691 3556 ut
707 3491 800 3558 nimis
814 3515 854 3558 ex
866 3496 1042 3580 propinquo
1055 3497 1181 3562 diverso
1197 3518 1347 3582 arguens.

316 3581 372 3648 sed
389 3585 431 3648 ad
446 3585 573 3668 incepto
590 3584 694 3650 redeo.

265 3699 297 3746 34
380 3675 536 3744 Cosusnro
556 3675 668 3756 Cosso,
687 3680 797 3746 Asnno
810 3680 948 3748 Abarara
965 3684 1148 3751 consulibus
1163 3683 1348 3751 Cremutius

316 3770 440 3837 Cordus
457 3770 647 3856 postulatur,
669 3794 752 3838 novo
770 3795 808 3838 ac
826 3784 900 3844 tunc
921 3777 1058 3862 primum
1080 3779 1188 3866 audito
1205 3777 1347 3853 crimine,

315 3866 399 3948 quod
421 3864 512 3930 editis
535 3864 699 3930 annalibus
724 3865 914 3952 laudatoque
936 3869 984 3934 M.
1007 3871 1109 3938 Bruto
1132 3870 1171 3938 C.
1196 3869 1348 3937 Cassium

315 3957 530 4024 Romanorum
547 3959 690 4024 ultimum
709 3960 849 4026 dixisset
873 3965 1066 4032 accusabant
1078 3963 1204 4032 Satrius
1224 3961 1349 4032 Secun-

315 4048 375 4114 dus
393 4061 425 4116 et
441 4051 587 4117 Pinarius
600 4053 704 4130 Natta,
724 4051 832 4120 Seiani
848 4055 991 4124 clientes:
1009 4059 1043 4125 id
1060 4058 1263 4145 perniciabile
1281 4078 1348 4136 reo,

315 4151 346 4204 et
365 4141 484 4208 Caesar
505 4146 585 4210 truci
606 4145 695 4212 vultu
715 4147 931 4216 defensionem
953 4153 1125 4238 accipiens,
1149 4174 1246 4237 quam
1269 4148 1349 4218 Cre-
