2958 4960
381 458 590 516 Annnmuu
607 457 681 514 777.
696 458 734 512 11.
753 459 892 529 ra-u.,
1096 449 1137 514 75

116 549 219 600 scura.

116 616 328 692 tioohensium,
353 616 412 699 qui
428 616 517 681 locus
540 615 719 702 sepulturae
736 615 962 695 destinabatur,
984 619 1139 704 777777717-

113 713 182 776 ritne
199 710 349 775 veneficii
369 711 470 796 signa,
488 733 599 795 parum
617 710 770 788 constitit3
789 733 863 775 nam
879 723 915 775 ut
932 712 1001 795 quis
1020 713 1140 778 miseri-

113 805 208 869 cordia
220 805 254 868 in
269 801 502 870 Germanicum
517 814 547 870 et
559 813 761 889 praesumpta
774 804 952 888 suspicione
966 816 1020 870 aut
1031 807 1140 872 favore

112 896 139 960 iu
154 897 304 970 Pisonem
323 899 468 984 pronior,
487 897 603 962 diversi
620 897 910 982 interpretabantur.

168 992 400 1058 Consultatum
417 993 490 1060 iude
511 993 592 1056 inter
608 991 730 1077 legatos
753 992 868 1075 quique
891 992 944 1057 alii
962 1003 1140 1058 senatorum
1160 1017 1190 1064 77

112 1087 244 1164 aderant,
268 1087 423 1170 quisnam
443 1084 554 1171 Syriae
576 1085 809 1170 praeficeretur;
832 1099 864 1152 et
886 1087 997 1152 ceteris
1019 1088 1141 1154 modice

112 1181 193 1258 nisis,
216 1181 303 1244 inter
321 1180 456 1245 Vibium
473 1179 619 1244 Marsum
641 1189 673 1244 et
691 1178 751 1244 Cu.
776 1177 920 1245 Sentium
942 1181 996 1245 diu
1018 1182 1142 1264 quaesi-

112 1287 184 1352 tum;
206 1275 283 1339 dein
307 1274 441 1339 Marsus
464 1274 579 1340 seniori
601 1283 632 1338 et
654 1275 756 1340 acrius
778 1275 916 1340 tendenti
936 1272 1045 1340 Sentio
1068 1298 1142 1340 con-

113 1369 196 1434 cessit
202 1393 211 1447 ;
234 1370 334 1453 isque
357 1368 508 1432 infamem
526 1367 684 1432 veneficiis
707 1391 745 1432 ea
761 1368 795 1432 in
816 1369 976 1453 provincia
998 1379 1029 1434 et
1045 1368 1142 1434 Plan-

113 1463 191 1527 cinae
212 1485 398 1548 percaram,
422 1463 547 1527 nomine
569 1461 754 1539 Martinam,
778 1461 811 1526 in
833 1463 941 1528 urbem
964 1463 1062 1540 misit,
1085 1485 1142 1549 po·

113 1558 296 1623 stulantibus
317 1558 448 1624 Vitellio
471 1556 664 1632 ac‘Veranio
686 1558 859 1642 ceterisque
882 1559 936 1643 qui
958 1559 1088 1624 crimina
1110 1569 1140 1624 et

113 1653 342 1718 accusationem
374 1663 533 1735 tamquam
560 1653 725 1726 adversus.
741 1663 883 1739 receptos
909 1654 971 1718 iam
996 1674 1067 1720 reos
1093 1654 1141 1718 iu-

114 1746 276 1811 struebant.

168 1839 414 1927 AtAgrippina,
424 1863 616 1925 quamquam
624 1839 750 1906 defessa
760 1841 847 1906 luctu
858 1851 889 1906 et
898 1863 1025 1927 corpore
1035 1863 1139 1926 aegro,
1160 1859 1191 1907 75

114 1934 243 1998 omnium
257 1946 458 2018 tamenquae
471 1936 620 2000 ultionem
634 1945 828 2000 morarentur
840 1935 1018 2013 intolerans,
1033 1957 1142 2001 ascen-

114 2027 154 2090 dit
176 2028 316 2096 classem
348 2051 420 2094 cum
450 2030 606 2096 cineribus
634 2027 815 2094 Germanici
841 2039 873 2094 et
896 2029 1016 2106 liberis,
1048 2029 1142 2093 mise-

114 2122 246 2188 rantibus
265 2123 391 2189 cunctis
410 2123 495 2207 quod
512 2122 630 2188 femina
646 2115 808 2190 nobilitate
825 2123 980 2208 prinecps,
998 2122 1142 2208 pulcher-

115 2217 186 2282 rimo
198 2221 296 2285 modo
314 2219 511 2284 matrimonio
524 2220 604 2284 inter
616 2219 794 2284 venerantis
812 2217 1026 2304 gratantisque
1044 2216 1141 2302 aspici

118 2310 214 2389 solita,
236 2324 319 2378 tunc
341 2313 447 2378 feralis
469 2313 616 2397 reliquias
640 2313 712 2378 sinu
733 2312 841 2390 ferret,
864 2312 983 2376 incerta
1004 2311 1161 2388 ultionis·

117 2407 201 2472 anxia
218 2410 268 2474 sni
287 2418 321 2474 et
338 2409 455 2474 infelici
472 2407 663 2474 fecunditate
681 2407 824 2472 fortunae
842 2407 955 2473 totiens
974 2405 1118 2473 obnoxia.

173 2499 327 2588 Pisonem
339 2503 464 2568 interim
477 2503 562 2589 apud
577 2501 680 2567 Coum
698 2502 833 2566 insulam
850 2502 978 2568 nuntius
996 2500 1141 2584 adsequi-

120 2609 163 2658 tur
186 2599 364 2664 excessisse
391 2596 629 2677 Germanicum
656 2620 720 2681 quo
745 2598 987 2683 intemperanter
1012 2604 1141 2681 accepto

121 2690 212 2756 caedit
227 2693 389 2770 victimas,
408 2693 475 2758 adit
496 2692 626 2778 templa,
649 2714 750 2776 neque
773 2693 840 2778 ipse
863 2693 1015 2778 gaudium
1032 2691 1141 2756 mode·

120 2805 185 2848 rans
202 2796 232 2850 et
249 2787 355 2872 magis
373 2787 579 2852 insolescente
592 2786 753 2863 Plancina,
772 2809 852 2872 quae
870 2786 989 2851 luctum
1007 2786 1141 2850 amissae

123 2881 226 2946 sororis
244 2892 315 2946 tum
336 2881 473 2965 primum
494 2882 576 2962 laeto
594 2880 680 2946 cultu
701 2881 842 2946 mutavit.
870 2880 1049 2946 adfluebant
1070 2901 1142 2944 cen-
1162 2897 1192 2942 76
1298 2871 1307 2892 ⁴

123 2973 249 3040 turinnes
273 2975 521 3059 monebantque,
543 2985 689 3062 prompta
710 2975 756 3039 illi
772 2974 932 3060 legionum
955 2973 1072 3037 studia:
1096 2993 1143 3035 re·

122 3075 231 3147 peteret
255 3070 451 3154 provinciam
477 3091 541 3135 non
565 3070 634 3134 iure
656 3069 792 3133 ablatam
819 3076 851 3132 et
876 3087 1017 3130 vacuam.
1048 3065 1144 3150 igitur

123 3161 190 3241 quid
206 3165 367 3251 agendum
391 3164 580 3252 consultanti
597 3163 645 3228 M.
663 3162 741 3227 Piso
758 3159 842 3224 filius
863 3159 1094 3244 properandum
1111 3157 1144 3221 in

123 3255 222 3323 urbem
240 3259 405 3325 censebat:
424 3260 500 3323 nihil
518 3259 622 3324 adhue
638 3255 827 3342 inexpiabile
841 3253 1023 3330 admissum,
1042 3273 1143 3335 neque

125 3354 310 3437 suspiciones
324 3354 484 3420 inbecillas
499 3363 553 3418 aut
564 3353 670 3418 inania
683 3352 786 3416 famae
799 3348 1062 3436 pertimescenda;
1080 3347 1145 3412 dis-

125 3448 253 3514 cordiam
285 3471 362 3534 erga
387 3446 611 3514 Germanicum
640 3446 712 3513 odio
743 3445 876 3512 fortasse
907 3445 1049 3532 dignam,
1080 3465 1144 3508 non

126 3559 230 3623 poeua;
245 3553 279 3608 et
291 3543 489 3630 ademptione
502 3543 680 3628 provinciae
694 3540 889 3608 satisfactum
899 3540 1045 3606 inimicis:
1060 3537 1146 3623 quod

126 3633 149 3696 77
163 3638 386 3724 regrederetur,
406 3637 576 3702 obsistente
593 3633 702 3701 Sentio
716 3636 806 3702 civile
824 3635 940 3701 bellum
958 3633 1068 3718 iucipi3
1086 3652 1145 3696 nec
1234 3695 1237 3701 ,

127 3727 282 3798 duraturos
304 3731 499 3818 inpartibus
522 3730 718 3796 ceuttuiones
740 3730 931 3812 militesque,
959 3727 1044 3811 apud
1065 3746 1145 3807 quos

126 3842 224 3891 recens
243 3826 438 3911 imperatoris
457 3825 506 3890 sui
523 3823 674 3890 memoria
691 3833 721 3888 et
739 3824 863 3909 penitus
881 3820 996 3884 infixus
1013 3818 1047 3882 in
1066 3816 1148 3881 Cae·

128 3937 203 3985 sares
221 3943 311 3984 amor
326 3920 528 4006 praevaleret.
552 3928 659 3990 contm
675 3916 836 3982 Domitius
857 3914 963 3988 Celer,
982 3935 1022 3976 ex
1039 3910 1147 3974 intima
1167 3931 1195 3976 77

127 4009 186 4078 eius
208 4013 360 4090 amicitia,
384 4013 544 4088 disseruit,
567 4010 719 4076 utendum
742 4017 871 4074 eventus
896 4006 1061 4080 Pisonem,
1083 4027 1147 4069 non

129 4097 266 4172 Sentium
285 4104 396 4192 Syriae
414 4107 640 4192 praepositum3
658 4103 732 4167 huic
750 4100 853 4166 fasces
871 4110 902 4166 et
919 4099 968 4164 ius
985 4099 1146 4184 praetoris,

129 4195 192 4268 huic
208 4202 351 4288 legiones
370 4202 474 4268 datas:
493 4201 520 4266 si
538 4200 614 4283 quid
631 4197 744 4263 hostile
762 4196 899 4284 ingruat,
923 4215 1017 4278 quem
1034 4194 1146 4260 iustius
