<?xml version="1.0" encoding="UTF-8"?>
<!DOCTYPE html PUBLIC "-//W3C//DTD XHTML 1.0 Transitional//EN"
    "http://www.w3.org/TR/xhtml1/DTD/xhtml1-transitional.dtd">
<html xmlns="http://www.w3.org/1999/xhtml" xml:lang="en" lang="en">
 <head>
  <title>
</title>
<meta http-equiv="Content-Type" content="text/html;charset=utf-8" />
  <meta name='ocr-system' content='tesseract 3.04.00' />
  <meta name='ocr-capabilities' content='ocr_page ocr_carea ocr_par ocr_line ocrx_word'/>
</head>
<body>
  <div class='ocr_page' id='page_1' title='image "./corneliitacitio00haasgoog_0395.png"; bbox 0 0 3020 4958; ppageno 0'>
   <div class='ocr_carea' id='block_1_1' title="bbox 319 457 1004 526">
    <p class='ocr_par' dir='ltr' id='par_1_1' title="bbox 319 457 1004 526">
     <span class='ocr_line' id='line_1_1' title="bbox 319 457 1004 526; baseline 0.003 -4"><span class='ocrx_word' id='word_1_1' title='bbox 319 457 382 522; x_wconf 82' lang='lat'>318</span> <span class='ocrx_word' id='word_1_2' title='bbox 672 468 856 526; x_wconf 84' lang='lat' dir='ltr'>CORNELII</span> <span class='ocrx_word' id='word_1_3' title='bbox 869 467 1004 524; x_wconf 83' lang='lat' dir='ltr'>TACITI</span> 
     </span>
    </p>
   </div>
   <div class='ocr_carea' id='block_1_2' title="bbox 287 562 1368 4289">
    <p class='ocr_par' dir='ltr' id='par_1_2' title="bbox 1240 562 1364 599">
     <span class='ocr_line' id='line_1_2' title="bbox 1240 562 1364 599; baseline 0.008 -1"><span class='ocrx_word' id='word_1_4' title='bbox 1240 569 1254 598; x_wconf 83' lang='lat' dir='ltr'>a</span> <span class='ocrx_word' id='word_1_5' title='bbox 1272 571 1294 599; x_wconf 88' lang='lat' dir='ltr'>a.</span> <span class='ocrx_word' id='word_1_6' title='bbox 1306 562 1364 599; x_wconf 81' lang='lat' dir='ltr'>SlS.</span> 
     </span>
    </p>

    <p class='ocr_par' dir='ltr' id='par_1_3' title="bbox 289 625 1368 1839">
     <span class='ocr_line' id='line_1_3' title="bbox 289 625 1368 711; baseline -0.005 -16"><span class='ocrx_word' id='word_1_7' title='bbox 289 651 298 695; x_wconf 83' lang='grc' dir='ltr'><strong>ι</strong></span> <span class='ocrx_word' id='word_1_8' title='bbox 385 625 499 691; x_wconf 84' lang='lat' dir='ltr'>Inlusit</span> <span class='ocrx_word' id='word_1_9' title='bbox 517 625 630 690; x_wconf 90' lang='lat' dir='ltr'>dehinc</span> <span class='ocrx_word' id='word_1_10' title='bbox 648 625 765 690; x_wconf 82' lang='lat' dir='ltr'>Neroni</span> <span class='ocrx_word' id='word_1_11' title='bbox 783 626 909 691; x_wconf 90' lang='lat' dir='ltr'>fortuna</span> <span class='ocrx_word' id='word_1_12' title='bbox 930 649 987 711; x_wconf 91' lang='lat' dir='ltr'>per</span> <span class='ocrx_word' id='word_1_13' title='bbox 1004 627 1173 692; x_wconf 84' lang='lat' dir='ltr'>vanitatem</span> <span class='ocrx_word' id='word_1_14' title='bbox 1195 626 1299 711; x_wconf 88' lang='lat' dir='ltr'>ipsius</span> <span class='ocrx_word' id='word_1_15' title='bbox 1328 639 1368 691; x_wconf 88' lang='lat' dir='ltr'>et</span> 
     </span>
     <span class='ocr_line' id='line_1_4' title="bbox 320 718 1367 807; baseline -0.001 -21"><span class='ocrx_word' id='word_1_16' title='bbox 320 721 477 806; x_wconf 87' lang='lat' dir='ltr'>promissa</span> <span class='ocrx_word' id='word_1_17' title='bbox 494 718 643 786; x_wconf 88' lang='lat' dir='ltr'>Caesellii</span> <span class='ocrx_word' id='word_1_18' title='bbox 660 720 768 796; x_wconf 89' lang='lat' dir='ltr'>Bassi,</span> <span class='ocrx_word' id='word_1_19' title='bbox 792 721 847 803; x_wconf 91' lang='lat' dir='ltr'>qui</span> <span class='ocrx_word' id='word_1_20' title='bbox 864 721 984 807; x_wconf 87' lang='lat' dir='ltr'>origine</span> <span class='ocrx_word' id='word_1_21' title='bbox 1000 720 1144 798; x_wconf 91' lang='lat' dir='ltr'>Poenus,</span> <span class='ocrx_word' id='word_1_22' title='bbox 1162 731 1269 785; x_wconf 89' lang='lat' dir='ltr'>mente</span> <span class='ocrx_word' id='word_1_23' title='bbox 1286 731 1367 785; x_wconf 85' lang='lat' dir='ltr'>tur-</span> 
     </span>
     <span class='ocr_line' id='line_1_5' title="bbox 322 813 1365 900; baseline 0.001 -22"><span class='ocrx_word' id='word_1_24' title='bbox 322 814 410 890; x_wconf 83' lang='lat' dir='ltr'>bida,</span> <span class='ocrx_word' id='word_1_25' title='bbox 435 823 607 878; x_wconf 91' lang='lat' dir='ltr'>nocturnae</span> <span class='ocrx_word' id='word_1_26' title='bbox 629 813 742 898; x_wconf 89' lang='lat' dir='ltr'>quietis</span> <span class='ocrx_word' id='word_1_27' title='bbox 764 813 936 900; x_wconf 84' lang='lat' dir='ltr'>imaginem</span> <span class='ocrx_word' id='word_1_28' title='bbox 953 815 995 878; x_wconf 86' lang='lat' dir='ltr'>ad</span> <span class='ocrx_word' id='word_1_29' title='bbox 1017 834 1105 899; x_wconf 89' lang='lat' dir='ltr'>spem</span> <span class='ocrx_word' id='word_1_30' title='bbox 1127 813 1213 878; x_wconf 90' lang='lat' dir='ltr'>baud</span> <span class='ocrx_word' id='word_1_31' title='bbox 1235 814 1365 880; x_wconf 85' lang='lat' dir='ltr'>dubiae</span> 
     </span>
     <span class='ocr_line' id='line_1_6' title="bbox 320 908 1361 993; baseline 0 -20"><span class='ocrx_word' id='word_1_32' title='bbox 320 912 369 973; x_wconf 79' lang='lat' dir='ltr'>rei</span> <span class='ocrx_word' id='word_1_33' title='bbox 384 909 487 985; x_wconf 87' lang='lat' dir='ltr'>traxit,</span> <span class='ocrx_word' id='word_1_34' title='bbox 505 919 677 991; x_wconf 76' lang='lat' dir='ltr'>vectusque</span> <span class='ocrx_word' id='word_1_35' title='bbox 694 908 840 985; x_wconf 83' lang='lat' dir='ltr'><strong>Romam,</strong></span> <span class='ocrx_word' id='word_1_36' title='bbox 858 909 1008 993; x_wconf 89' lang='lat' dir='ltr'>principis</span> <span class='ocrx_word' id='word_1_37' title='bbox 1026 909 1147 973; x_wconf 90' lang='lat' dir='ltr'>aditum</span> <span class='ocrx_word' id='word_1_38' title='bbox 1165 918 1361 985; x_wconf 84' lang='lat' dir='ltr'>emereatus,</span> 
     </span>
     <span class='ocr_line' id='line_1_7' title="bbox 321 1002 1360 1088; baseline 0.001 -22"><span class='ocrx_word' id='word_1_39' title='bbox 321 1003 476 1088; x_wconf 75' lang='lat' dir='ltr'>expromit</span> <span class='ocrx_word' id='word_1_40' title='bbox 491 1011 649 1088; x_wconf 92' lang='lat' dir='ltr'>repertum</span> <span class='ocrx_word' id='word_1_41' title='bbox 665 1002 699 1066; x_wconf 90' lang='lat' dir='ltr'>in</span> <span class='ocrx_word' id='word_1_42' title='bbox 716 1025 793 1088; x_wconf 84' lang='lat' dir='ltr'>agro</span> <span class='ocrx_word' id='word_1_43' title='bbox 807 1025 865 1067; x_wconf 90' lang='lat' dir='ltr'>suo</span> <span class='ocrx_word' id='word_1_44' title='bbox 879 1023 1008 1087; x_wconf 78' lang='lat' dir='ltr'>specum</span> <span class='ocrx_word' id='word_1_45' title='bbox 1021 1003 1184 1067; x_wconf 74' lang='lat' dir='ltr'>altitudine</span> <span class='ocrx_word' id='word_1_46' title='bbox 1197 1003 1360 1079; x_wconf 89' lang='lat' dir='ltr'>inmensa,</span> 
     </span>
     <span class='ocr_line' id='line_1_8' title="bbox 322 1095 1359 1182; baseline -0.001 -21"><span class='ocrx_word' id='word_1_47' title='bbox 322 1107 385 1179; x_wconf 86' lang='lat' dir='ltr'>quo</span> <span class='ocrx_word' id='word_1_48' title='bbox 402 1118 518 1181; x_wconf 58' lang='lat' dir='ltr'>magona</span> <span class='ocrx_word' id='word_1_49' title='bbox 534 1095 583 1160; x_wconf 80' lang='lat' dir='ltr'>vis</span> <span class='ocrx_word' id='word_1_50' title='bbox 600 1095 668 1159; x_wconf 89' lang='lat' dir='ltr'>auri</span> <span class='ocrx_word' id='word_1_51' title='bbox 681 1096 899 1171; x_wconf 84' lang='lat' dir='ltr'>contineretur,</span> <span class='ocrx_word' id='word_1_52' title='bbox 918 1117 981 1160; x_wconf 90' lang='lat' dir='ltr'>non</span> <span class='ocrx_word' id='word_1_53' title='bbox 994 1095 1027 1160; x_wconf 90' lang='lat' dir='ltr'>in</span> <span class='ocrx_word' id='word_1_54' title='bbox 1041 1096 1174 1160; x_wconf 89' lang='lat' dir='ltr'>formam</span> <span class='ocrx_word' id='word_1_55' title='bbox 1188 1097 1359 1182; x_wconf 89' lang='lat' dir='ltr'>pecuniae,</span> 
     </span>
     <span class='ocr_line' id='line_1_9' title="bbox 322 1189 1360 1276; baseline 0 -22"><span class='ocrx_word' id='word_1_56' title='bbox 322 1190 380 1254; x_wconf 88' lang='lat' dir='ltr'>sed</span> <span class='ocrx_word' id='word_1_57' title='bbox 400 1190 470 1254; x_wconf 91' lang='lat' dir='ltr'>rudi</span> <span class='ocrx_word' id='word_1_58' title='bbox 492 1199 524 1253; x_wconf 93' lang='lat' dir='ltr'>et</span> <span class='ocrx_word' id='word_1_59' title='bbox 545 1189 674 1272; x_wconf 89' lang='lat' dir='ltr'>antiquo</span> <span class='ocrx_word' id='word_1_60' title='bbox 699 1189 852 1274; x_wconf 90' lang='lat' dir='ltr'>pondere;</span> <span class='ocrx_word' id='word_1_61' title='bbox 878 1189 991 1254; x_wconf 88' lang='lat' dir='ltr'>lateres</span> <span class='ocrx_word' id='word_1_62' title='bbox 1018 1190 1135 1275; x_wconf 86' lang='lat' dir='ltr'>quippe</span> <span class='ocrx_word' id='word_1_63' title='bbox 1160 1211 1360 1276; x_wconf 78' lang='lat' dir='ltr'>praegraves</span> 
     </span>
     <span class='ocr_line' id='line_1_10' title="bbox 322 1284 1360 1370; baseline -0.002 -20"><span class='ocrx_word' id='word_1_64' title='bbox 322 1287 437 1362; x_wconf 80' lang='lat' dir='ltr'>iucem,</span> <span class='ocrx_word' id='word_1_65' title='bbox 460 1285 634 1351; x_wconf 90' lang='lat' dir='ltr'>astantibus</span> <span class='ocrx_word' id='word_1_66' title='bbox 657 1295 745 1370; x_wconf 91' lang='lat' dir='ltr'>parte</span> <span class='ocrx_word' id='word_1_67' title='bbox 767 1285 829 1349; x_wconf 89' lang='lat' dir='ltr'>alia</span> <span class='ocrx_word' id='word_1_68' title='bbox 851 1284 1021 1362; x_wconf 82' lang='lat' dir='ltr'>columnis3</span> <span class='ocrx_word' id='word_1_69' title='bbox 1048 1307 1129 1369; x_wconf 91' lang='lat' dir='ltr'>quae</span> <span class='ocrx_word' id='word_1_70' title='bbox 1151 1307 1207 1369; x_wconf 91' lang='lat' dir='ltr'>per</span> <span class='ocrx_word' id='word_1_71' title='bbox 1229 1293 1360 1348; x_wconf 90' lang='lat' dir='ltr'>tantum</span> 
     </span>
     <span class='ocr_line' id='line_1_11' title="bbox 322 1376 1360 1466; baseline -0.003 -22"><span class='ocrx_word' id='word_1_72' title='bbox 322 1380 393 1444; x_wconf 73' lang='lat' dir='ltr'>aeri</span> <span class='ocrx_word' id='word_1_73' title='bbox 405 1379 529 1444; x_wconf 88' lang='lat' dir='ltr'>occulta</span> <span class='ocrx_word' id='word_1_74' title='bbox 540 1379 693 1466; x_wconf 82' lang='lat' dir='ltr'>augendis</span> <span class='ocrx_word' id='word_1_75' title='bbox 706 1377 924 1464; x_wconf 90' lang='lat' dir='ltr'>praesentibus</span> <span class='ocrx_word' id='word_1_76' title='bbox 939 1376 1039 1444; x_wconf 90' lang='lat' dir='ltr'>bonis.</span> <span class='ocrx_word' id='word_1_77' title='bbox 1063 1388 1210 1454; x_wconf 90' lang='lat' dir='ltr'>ceterum,</span> <span class='ocrx_word' id='word_1_78' title='bbox 1229 1391 1265 1442; x_wconf 91' lang='lat' dir='ltr'>ut</span> <span class='ocrx_word' id='word_1_79' title='bbox 1278 1400 1360 1442; x_wconf 90' lang='lat' dir='ltr'>con-</span> 
     </span>
     <span class='ocr_line' id='line_1_12' title="bbox 322 1471 1359 1558; baseline -0.002 -21"><span class='ocrx_word' id='word_1_80' title='bbox 322 1475 441 1538; x_wconf 86' lang='lat' dir='ltr'>iectura</span> <span class='ocrx_word' id='word_1_81' title='bbox 457 1474 660 1550; x_wconf 87' lang='lat' dir='ltr'>demonstrat,</span> <span class='ocrx_word' id='word_1_82' title='bbox 678 1472 766 1538; x_wconf 93' lang='lat' dir='ltr'>Dido</span> <span class='ocrx_word' id='word_1_83' title='bbox 775 1471 984 1538; x_wconf 88' lang='lat' dir='ltr'>Phoenissam</span> <span class='ocrx_word' id='word_1_84' title='bbox 993 1472 1080 1558; x_wconf 84' lang='lat' dir='ltr'>Tyro</span> <span class='ocrx_word' id='word_1_85' title='bbox 1094 1472 1262 1558; x_wconf 87' lang='lat' dir='ltr'>profugam</span> <span class='ocrx_word' id='word_1_86' title='bbox 1278 1493 1359 1536; x_wconf 91' lang='lat' dir='ltr'>con-</span> 
     </span>
     <span class='ocr_line' id='line_1_13' title="bbox 321 1566 1355 1652; baseline 0 -22"><span class='ocrx_word' id='word_1_87' title='bbox 321 1568 387 1632; x_wconf 90' lang='lat' dir='ltr'>dita</span> <span class='ocrx_word' id='word_1_88' title='bbox 405 1566 597 1652; x_wconf 85' lang='lat' dir='ltr'>Carthagine</span> <span class='ocrx_word' id='word_1_89' title='bbox 622 1567 692 1630; x_wconf 88' lang='lat' dir='ltr'>illas</span> <span class='ocrx_word' id='word_1_90' title='bbox 718 1590 795 1652; x_wconf 90' lang='lat' dir='ltr'>opes</span> <span class='ocrx_word' id='word_1_91' title='bbox 822 1566 997 1642; x_wconf 82' lang='lat' dir='ltr'>abdidisse,</span> <span class='ocrx_word' id='word_1_92' title='bbox 1024 1589 1065 1631; x_wconf 91' lang='lat' dir='ltr'>nc</span> <span class='ocrx_word' id='word_1_93' title='bbox 1086 1589 1187 1630; x_wconf 88' lang='lat' dir='ltr'>novus</span> <span class='ocrx_word' id='word_1_94' title='bbox 1213 1566 1355 1651; x_wconf 91' lang='lat' dir='ltr'>populus</span> 
     </span>
     <span class='ocr_line' id='line_1_14' title="bbox 320 1660 1354 1748; baseline 0 -24"><span class='ocrx_word' id='word_1_95' title='bbox 320 1661 417 1724; x_wconf 91' lang='lat' dir='ltr'>nimia</span> <span class='ocrx_word' id='word_1_96' title='bbox 433 1661 568 1746; x_wconf 89' lang='lat' dir='ltr'>pecunia</span> <span class='ocrx_word' id='word_1_97' title='bbox 585 1660 755 1737; x_wconf 58' lang='lat' dir='ltr'>lasciuire,</span> <span class='ocrx_word' id='word_1_98' title='bbox 784 1671 839 1724; x_wconf 89' lang='lat' dir='ltr'>aut</span> <span class='ocrx_word' id='word_1_99' title='bbox 860 1683 952 1748; x_wconf 91' lang='lat' dir='ltr'>reges</span> <span class='ocrx_word' id='word_1_100' title='bbox 970 1661 1191 1738; x_wconf 86' lang='lat' dir='ltr'>Numidarum,</span> <span class='ocrx_word' id='word_1_101' title='bbox 1218 1669 1251 1724; x_wconf 92' lang='lat' dir='ltr'>et</span> <span class='ocrx_word' id='word_1_102' title='bbox 1273 1660 1354 1724; x_wconf 88' lang='lat' dir='ltr'>alias</span> 
     </span>
     <span class='ocr_line' id='line_1_15' title="bbox 320 1754 1160 1839; baseline 0 -21"><span class='ocrx_word' id='word_1_103' title='bbox 320 1755 444 1832; x_wconf 91' lang='lat' dir='ltr'>infensi,</span> <span class='ocrx_word' id='word_1_104' title='bbox 463 1755 609 1839; x_wconf 91' lang='lat' dir='ltr'>cupidine</span> <span class='ocrx_word' id='word_1_105' title='bbox 627 1755 695 1818; x_wconf 90' lang='lat' dir='ltr'>auri</span> <span class='ocrx_word' id='word_1_106' title='bbox 713 1755 754 1818; x_wconf 90' lang='lat' dir='ltr'>ad</span> <span class='ocrx_word' id='word_1_107' title='bbox 771 1754 890 1820; x_wconf 89' lang='lat' dir='ltr'>bellum</span> <span class='ocrx_word' id='word_1_108' title='bbox 908 1755 1160 1820; x_wconf 83' lang='lat' dir='ltr'>accenderentur.</span> 
     </span>
    </p>

    <p class='ocr_par' dir='ltr' id='par_1_4' title="bbox 288 1847 1354 2972">
     <span class='ocr_line' id='line_1_16' title="bbox 288 1847 1353 1935; baseline -0.006 -19"><span class='ocrx_word' id='word_1_109' title='bbox 288 1869 303 1916; x_wconf 78' lang='lat' dir='ltr'>a</span> <span class='ocrx_word' id='word_1_110' title='bbox 384 1848 487 1935; x_wconf 84' lang='lat' dir='ltr'>Igitur</span> <span class='ocrx_word' id='word_1_111' title='bbox 503 1847 597 1926; x_wconf 82' lang='lat' dir='ltr'>Nero,</span> <span class='ocrx_word' id='word_1_112' title='bbox 615 1872 678 1912; x_wconf 93' lang='lat' dir='ltr'>non</span> <span class='ocrx_word' id='word_1_113' title='bbox 695 1850 841 1926; x_wconf 89' lang='lat' dir='ltr'>auctoris,</span> <span class='ocrx_word' id='word_1_114' title='bbox 860 1872 924 1914; x_wconf 91' lang='lat' dir='ltr'>non</span> <span class='ocrx_word' id='word_1_115' title='bbox 940 1850 1041 1934; x_wconf 89' lang='lat' dir='ltr'>ipsius</span> <span class='ocrx_word' id='word_1_116' title='bbox 1059 1849 1176 1934; x_wconf 87' lang='lat' dir='ltr'>negotii</span> <span class='ocrx_word' id='word_1_117' title='bbox 1193 1847 1256 1913; x_wconf 89' lang='lat' dir='ltr'>fide</span> <span class='ocrx_word' id='word_1_118' title='bbox 1275 1849 1353 1912; x_wconf 90' lang='lat' dir='ltr'>satis</span> 
     </span>
     <span class='ocr_line' id='line_1_17' title="bbox 322 1942 1353 2028; baseline -0.004 -20"><span class='ocrx_word' id='word_1_119' title='bbox 322 1953 463 2028; x_wconf 87' lang='lat' dir='ltr'>spectata</span> <span class='ocrx_word' id='word_1_120' title='bbox 479 1965 539 2009; x_wconf 90' lang='lat' dir='ltr'>nec</span> <span class='ocrx_word' id='word_1_121' title='bbox 556 1942 662 2007; x_wconf 91' lang='lat' dir='ltr'>missis</span> <span class='ocrx_word' id='word_1_122' title='bbox 680 1965 736 2028; x_wconf 91' lang='lat' dir='ltr'>per</span> <span class='ocrx_word' id='word_1_123' title='bbox 753 1945 833 2026; x_wconf 86' lang='lat' dir='ltr'>quos</span> <span class='ocrx_word' id='word_1_124' title='bbox 846 1952 990 2008; x_wconf 89' lang='lat' dir='ltr'>nosceret</span> <span class='ocrx_word' id='word_1_125' title='bbox 1003 1967 1044 2008; x_wconf 91' lang='lat' dir='ltr'>an</span> <span class='ocrx_word' id='word_1_126' title='bbox 1056 1965 1131 2007; x_wconf 86' lang='lat' dir='ltr'>vcra</span> <span class='ocrx_word' id='word_1_127' title='bbox 1144 1942 1353 2016; x_wconf 83' lang='lat' dir='ltr'>adferrentur,</span> 
     </span>
     <span class='ocr_line' id='line_1_18' title="bbox 322 2035 1353 2123; baseline -0.004 -21"><span class='ocrx_word' id='word_1_128' title='bbox 322 2048 418 2123; x_wconf 92' lang='lat' dir='ltr'>auget</span> <span class='ocrx_word' id='word_1_129' title='bbox 435 2035 516 2103; x_wconf 86' lang='lat' dir='ltr'>ultro</span> <span class='ocrx_word' id='word_1_130' title='bbox 533 2059 691 2102; x_wconf 87' lang='lat' dir='ltr'>rumorem</span> <span class='ocrx_word' id='word_1_131' title='bbox 709 2037 865 2120; x_wconf 87' lang='lat' dir='ltr'>mittitque</span> <span class='ocrx_word' id='word_1_132' title='bbox 878 2038 933 2120; x_wconf 92' lang='lat' dir='ltr'>qui</span> <span class='ocrx_word' id='word_1_133' title='bbox 945 2037 1031 2101; x_wconf 89' lang='lat' dir='ltr'>velut</span> <span class='ocrx_word' id='word_1_134' title='bbox 1045 2047 1187 2122; x_wconf 86' lang='lat' dir='ltr'>paratam</span> <span class='ocrx_word' id='word_1_135' title='bbox 1200 2035 1353 2121; x_wconf 87' lang='lat' dir='ltr'>praedam</span> 
     </span>
     <span class='ocr_line' id='line_1_19' title="bbox 322 2129 1354 2216; baseline -0.003 -20"><span class='ocrx_word' id='word_1_136' title='bbox 322 2132 528 2210; x_wconf 79' lang='lat' dir='ltr'>adveherent3</span> <span class='ocrx_word' id='word_1_137' title='bbox 546 2132 659 2196; x_wconf 87' lang='lat' dir='ltr'>dantur</span> <span class='ocrx_word' id='word_1_138' title='bbox 676 2131 818 2196; x_wconf 79' lang='lat' dir='ltr'>triremes</span> <span class='ocrx_word' id='word_1_139' title='bbox 836 2141 867 2196; x_wconf 92' lang='lat' dir='ltr'>et</span> <span class='ocrx_word' id='word_1_140' title='bbox 885 2131 1041 2195; x_wconf 91' lang='lat' dir='ltr'>delectum</span> <span class='ocrx_word' id='word_1_141' title='bbox 1058 2131 1222 2216; x_wconf 84' lang='lat' dir='ltr'>remigium</span> <span class='ocrx_word' id='word_1_142' title='bbox 1239 2129 1354 2194; x_wconf 80' lang='lat' dir='ltr'>iuran-</span> 
     </span>
     <span class='ocr_line' id='line_1_20' title="bbox 322 2223 1353 2311; baseline -0.003 -20"><span class='ocrx_word' id='word_1_143' title='bbox 322 2227 382 2291; x_wconf 91' lang='lat' dir='ltr'>dae</span> <span class='ocrx_word' id='word_1_144' title='bbox 400 2227 604 2304; x_wconf 85' lang='lat' dir='ltr'>festinationi,</span> <span class='ocrx_word' id='word_1_145' title='bbox 627 2248 686 2290; x_wconf 90' lang='lat' dir='ltr'>nec</span> <span class='ocrx_word' id='word_1_146' title='bbox 704 2225 789 2290; x_wconf 90' lang='lat' dir='ltr'>aliud</span> <span class='ocrx_word' id='word_1_147' title='bbox 809 2248 867 2311; x_wconf 91' lang='lat' dir='ltr'>per</span> <span class='ocrx_word' id='word_1_148' title='bbox 883 2225 953 2290; x_wconf 88' lang='lat' dir='ltr'>illos</span> <span class='ocrx_word' id='word_1_149' title='bbox 975 2226 1043 2290; x_wconf 90' lang='lat' dir='ltr'>dies</span> <span class='ocrx_word' id='word_1_150' title='bbox 1061 2225 1198 2311; x_wconf 91' lang='lat' dir='ltr'>populus</span> <span class='ocrx_word' id='word_1_151' title='bbox 1217 2223 1353 2288; x_wconf 87' lang='lat' dir='ltr'>creduli-</span> 
     </span>
     <span class='ocr_line' id='line_1_21' title="bbox 322 2318 1353 2407; baseline -0.004 -21"><span class='ocrx_word' id='word_1_152' title='bbox 322 2333 396 2398; x_wconf 89' lang='lat' dir='ltr'>tate,</span> <span class='ocrx_word' id='word_1_153' title='bbox 414 2322 583 2407; x_wconf 86' lang='lat' dir='ltr'>prudentes</span> <span class='ocrx_word' id='word_1_154' title='bbox 601 2322 727 2386; x_wconf 77' lang='lat' dir='ltr'>diversa</span> <span class='ocrx_word' id='word_1_155' title='bbox 743 2321 830 2386; x_wconf 89' lang='lat' dir='ltr'>fama</span> <span class='ocrx_word' id='word_1_156' title='bbox 842 2321 954 2397; x_wconf 90' lang='lat' dir='ltr'>tulcre;</span> <span class='ocrx_word' id='word_1_157' title='bbox 973 2342 1010 2384; x_wconf 91' lang='lat' dir='ltr'>ac</span> <span class='ocrx_word' id='word_1_158' title='bbox 1023 2319 1104 2384; x_wconf 87' lang='lat' dir='ltr'>forte</span> <span class='ocrx_word' id='word_1_159' title='bbox 1118 2318 1353 2403; x_wconf 89' lang='lat' dir='ltr'>quinquennale</span> 
     </span>
     <span class='ocr_line' id='line_1_22' title="bbox 322 2415 1354 2493; baseline -0.002 -13"><span class='ocrx_word' id='word_1_160' title='bbox 322 2417 478 2481; x_wconf 82' lang='lat' dir='ltr'>ludicmm</span> <span class='ocrx_word' id='word_1_161' title='bbox 495 2416 634 2480; x_wconf 91' lang='lat' dir='ltr'>secundo</span> <span class='ocrx_word' id='word_1_162' title='bbox 651 2416 751 2481; x_wconf 91' lang='lat' dir='ltr'>lustro</span> <span class='ocrx_word' id='word_1_163' title='bbox 769 2415 997 2493; x_wconf 81' lang='lat' dir='ltr'>celebrabatur3</span> <span class='ocrx_word' id='word_1_164' title='bbox 1016 2415 1230 2479; x_wconf 85' lang='lat' dir='ltr'>adulatoribus</span> <span class='ocrx_word' id='word_1_165' title='bbox 1248 2425 1354 2478; x_wconf 89' lang='lat' dir='ltr'>orato-</span> 
     </span>
     <span class='ocr_line' id='line_1_23' title="bbox 320 2509 1354 2595; baseline -0.003 -21"><span class='ocrx_word' id='word_1_166' title='bbox 320 2509 471 2594; x_wconf 89' lang='lat' dir='ltr'>ribusque</span> <span class='ocrx_word' id='word_1_167' title='bbox 487 2512 657 2595; x_wconf 89' lang='lat' dir='ltr'>praecipua</span> <span class='ocrx_word' id='word_1_168' title='bbox 673 2510 803 2574; x_wconf 89' lang='lat' dir='ltr'>materia</span> <span class='ocrx_word' id='word_1_169' title='bbox 820 2511 853 2574; x_wconf 91' lang='lat' dir='ltr'>in</span> <span class='ocrx_word' id='word_1_170' title='bbox 874 2511 1000 2574; x_wconf 93' lang='lat' dir='ltr'>laudem</span> <span class='ocrx_word' id='word_1_171' title='bbox 1017 2509 1166 2595; x_wconf 90' lang='lat' dir='ltr'>principis</span> <span class='ocrx_word' id='word_1_172' title='bbox 1184 2509 1354 2593; x_wconf 88' lang='lat' dir='ltr'>adsumpta</span> 
     </span>
     <span class='ocr_line' id='line_1_24' title="bbox 321 2603 1353 2691; baseline 0 -24"><span class='ocrx_word' id='word_1_173' title='bbox 321 2615 382 2668; x_wconf 88' lang='lat' dir='ltr'>est:</span> <span class='ocrx_word' id='word_1_174' title='bbox 401 2627 465 2668; x_wconf 94' lang='lat' dir='ltr'>non</span> <span class='ocrx_word' id='word_1_175' title='bbox 482 2603 565 2668; x_wconf 91' lang='lat' dir='ltr'>enim</span> <span class='ocrx_word' id='word_1_176' title='bbox 583 2603 691 2667; x_wconf 88' lang='lat' dir='ltr'>solitas</span> <span class='ocrx_word' id='word_1_177' title='bbox 705 2614 826 2668; x_wconf 89' lang='lat' dir='ltr'>tantum</span> <span class='ocrx_word' id='word_1_178' title='bbox 839 2605 949 2691; x_wconf 88' lang='lat' dir='ltr'>fruges</span> <span class='ocrx_word' id='word_1_179' title='bbox 962 2627 1022 2669; x_wconf 91' lang='lat' dir='ltr'>nec</span> <span class='ocrx_word' id='word_1_180' title='bbox 1035 2603 1202 2669; x_wconf 87' lang='lat' dir='ltr'>confusum</span> <span class='ocrx_word' id='word_1_181' title='bbox 1217 2603 1353 2668; x_wconf 88' lang='lat' dir='ltr'>metallis</span> 
     </span>
     <span class='ocr_line' id='line_1_25' title="bbox 320 2696 1352 2785; baseline 0 -23"><span class='ocrx_word' id='word_1_182' title='bbox 320 2721 433 2762; x_wconf 89' lang='lat' dir='ltr'>aurum</span> <span class='ocrx_word' id='word_1_183' title='bbox 446 2697 549 2783; x_wconf 88' lang='lat' dir='ltr'>gigni,</span> <span class='ocrx_word' id='word_1_184' title='bbox 569 2697 625 2761; x_wconf 90' lang='lat' dir='ltr'>sed</span> <span class='ocrx_word' id='word_1_185' title='bbox 638 2719 723 2762; x_wconf 79' lang='lat' dir='ltr'>nova</span> <span class='ocrx_word' id='word_1_186' title='bbox 735 2697 878 2763; x_wconf 86' lang='lat' dir='ltr'>ubertate</span> <span class='ocrx_word' id='word_1_187' title='bbox 892 2699 1057 2785; x_wconf 89' lang='lat' dir='ltr'>provenire</span> <span class='ocrx_word' id='word_1_188' title='bbox 1072 2709 1186 2763; x_wconf 89' lang='lat' dir='ltr'>terram</span> <span class='ocrx_word' id='word_1_189' title='bbox 1195 2709 1227 2762; x_wconf 90' lang='lat' dir='ltr'>et</span> <span class='ocrx_word' id='word_1_190' title='bbox 1239 2696 1352 2763; x_wconf 88' lang='lat' dir='ltr'>obvias</span> 
     </span>
     <span class='ocr_line' id='line_1_26' title="bbox 320 2791 1353 2876; baseline 0 -20"><span class='ocrx_word' id='word_1_191' title='bbox 320 2813 397 2876; x_wconf 87' lang='lat' dir='ltr'>opes</span> <span class='ocrx_word' id='word_1_192' title='bbox 410 2791 531 2856; x_wconf 90' lang='lat' dir='ltr'>deferre</span> <span class='ocrx_word' id='word_1_193' title='bbox 542 2792 633 2870; x_wconf 90' lang='lat' dir='ltr'>deos;</span> <span class='ocrx_word' id='word_1_194' title='bbox 648 2811 792 2876; x_wconf 87' lang='lat' dir='ltr'>quaeque</span> <span class='ocrx_word' id='word_1_195' title='bbox 800 2792 863 2858; x_wconf 90' lang='lat' dir='ltr'>alia</span> <span class='ocrx_word' id='word_1_196' title='bbox 876 2815 1000 2858; x_wconf 90' lang='lat' dir='ltr'>summa</span> <span class='ocrx_word' id='word_1_197' title='bbox 1008 2793 1157 2858; x_wconf 87' lang='lat' dir='ltr'>facundia</span> <span class='ocrx_word' id='word_1_198' title='bbox 1164 2813 1223 2856; x_wconf 93' lang='lat' dir='ltr'>nec</span> <span class='ocrx_word' id='word_1_199' title='bbox 1232 2792 1353 2856; x_wconf 90' lang='lat' dir='ltr'>minore</span> 
     </span>
     <span class='ocr_line' id='line_1_27' title="bbox 320 2885 1352 2972; baseline -0.001 -23"><span class='ocrx_word' id='word_1_200' title='bbox 320 2885 500 2952; x_wconf 87' lang='lat' dir='ltr'>adulatione</span> <span class='ocrx_word' id='word_1_201' title='bbox 517 2885 643 2950; x_wconf 87' lang='lat' dir='ltr'>servilia</span> <span class='ocrx_word' id='word_1_202' title='bbox 655 2885 826 2972; x_wconf 83' lang='lat' dir='ltr'>fingebant,</span> <span class='ocrx_word' id='word_1_203' title='bbox 846 2887 948 2952; x_wconf 88' lang='lat' dir='ltr'>securi</span> <span class='ocrx_word' id='word_1_204' title='bbox 965 2888 1005 2951; x_wconf 93' lang='lat' dir='ltr'>de</span> <span class='ocrx_word' id='word_1_205' title='bbox 1017 2886 1167 2951; x_wconf 83' lang='lat' dir='ltr'>facilitate</span> <span class='ocrx_word' id='word_1_206' title='bbox 1185 2886 1352 2949; x_wconf 89' lang='lat' dir='ltr'>credentis.</span> 
     </span>
    </p>

    <p class='ocr_par' dir='ltr' id='par_1_5' title="bbox 288 2978 1355 4010">
     <span class='ocr_line' id='line_1_28' title="bbox 288 2978 1354 3067; baseline -0.001 -24"><span class='ocrx_word' id='word_1_207' title='bbox 288 2996 303 3043; x_wconf 78' lang='lat' dir='ltr'>a</span> <span class='ocrx_word' id='word_1_208' title='bbox 387 2978 553 3048; x_wconf 82' lang='lat' dir='ltr'>Gliscebat</span> <span class='ocrx_word' id='word_1_209' title='bbox 568 2981 694 3045; x_wconf 90' lang='lat' dir='ltr'>interim</span> <span class='ocrx_word' id='word_1_210' title='bbox 711 2981 835 3045; x_wconf 89' lang='lat' dir='ltr'>luxuria</span> <span class='ocrx_word' id='word_1_211' title='bbox 852 3004 908 3067; x_wconf 93' lang='lat' dir='ltr'>spe</span> <span class='ocrx_word' id='word_1_212' title='bbox 926 2981 1011 3045; x_wconf 84' lang='lat' dir='ltr'>inani</span> <span class='ocrx_word' id='word_1_213' title='bbox 1024 2979 1354 3062; x_wconf 87' lang='lat' dir='ltr'>consumebanturque</span> 
     </span>
     <span class='ocr_line' id='line_1_29' title="bbox 321 3073 1355 3162; baseline -0.005 -20"><span class='ocrx_word' id='word_1_214' title='bbox 321 3085 444 3142; x_wconf 75' lang='lat' dir='ltr'>veteres</span> <span class='ocrx_word' id='word_1_215' title='bbox 466 3099 543 3162; x_wconf 90' lang='lat' dir='ltr'>opes</span> <span class='ocrx_word' id='word_1_216' title='bbox 566 3075 657 3159; x_wconf 89' lang='lat' dir='ltr'>quasi</span> <span class='ocrx_word' id='word_1_217' title='bbox 679 3075 791 3140; x_wconf 89' lang='lat' dir='ltr'>oblatis</span> <span class='ocrx_word' id='word_1_218' title='bbox 814 3097 893 3158; x_wconf 89' lang='lat' dir='ltr'>quas</span> <span class='ocrx_word' id='word_1_219' title='bbox 910 3075 1026 3140; x_wconf 90' lang='lat' dir='ltr'>multos</span> <span class='ocrx_word' id='word_1_220' title='bbox 1048 3097 1106 3160; x_wconf 92' lang='lat' dir='ltr'>per</span> <span class='ocrx_word' id='word_1_221' title='bbox 1126 3097 1224 3138; x_wconf 88' lang='lat' dir='ltr'>annos</span> <span class='ocrx_word' id='word_1_222' title='bbox 1246 3073 1355 3158; x_wconf 87' lang='lat' dir='ltr'>prodi-</span> 
     </span>
     <span class='ocr_line' id='line_1_30' title="bbox 321 3168 1355 3258; baseline -0.004 -23"><span class='ocrx_word' id='word_1_223' title='bbox 321 3181 409 3258; x_wconf 87' lang='lat' dir='ltr'>geret</span> <span class='ocrx_word' id='word_1_224' title='bbox 414 3195 424 3249; x_wconf 81' lang='lat'>3</span> <span class='ocrx_word' id='word_1_225' title='bbox 442 3171 518 3256; x_wconf 89' lang='lat' dir='ltr'>quin</span> <span class='ocrx_word' id='word_1_226' title='bbox 535 3180 567 3234; x_wconf 93' lang='lat' dir='ltr'>et</span> <span class='ocrx_word' id='word_1_227' title='bbox 583 3170 657 3234; x_wconf 88' lang='lat' dir='ltr'>inde</span> <span class='ocrx_word' id='word_1_228' title='bbox 674 3169 738 3236; x_wconf 86' lang='lat' dir='ltr'>iam</span> <span class='ocrx_word' id='word_1_229' title='bbox 750 3169 949 3255; x_wconf 86' lang='lat' dir='ltr'>largiebatur,</span> <span class='ocrx_word' id='word_1_230' title='bbox 969 3179 1000 3234; x_wconf 91' lang='lat' dir='ltr'>et</span> <span class='ocrx_word' id='word_1_231' title='bbox 1012 3168 1192 3233; x_wconf 86' lang='lat' dir='ltr'>divitiarum</span> <span class='ocrx_word' id='word_1_232' title='bbox 1205 3176 1355 3251; x_wconf 85' lang='lat' dir='ltr'>expecta-</span> 
     </span>
     <span class='ocr_line' id='line_1_31' title="bbox 322 3261 1353 3349; baseline -0.004 -21"><span class='ocrx_word' id='word_1_233' title='bbox 322 3266 365 3330; x_wconf 83' lang='lat' dir='ltr'>tio</span> <span class='ocrx_word' id='word_1_234' title='bbox 390 3266 473 3329; x_wconf 89' lang='lat' dir='ltr'>inter</span> <span class='ocrx_word' id='word_1_235' title='bbox 498 3286 610 3328; x_wconf 85' lang='lat' dir='ltr'>causas</span> <span class='ocrx_word' id='word_1_236' title='bbox 636 3265 828 3349; x_wconf 84' lang='lat' dir='ltr'>paupertatis</span> <span class='ocrx_word' id='word_1_237' title='bbox 854 3262 999 3348; x_wconf 89' lang='lat' dir='ltr'>publicae</span> <span class='ocrx_word' id='word_1_238' title='bbox 1025 3271 1100 3326; x_wconf 90' lang='lat' dir='ltr'>erat.</span> <span class='ocrx_word' id='word_1_239' title='bbox 1131 3284 1205 3326; x_wconf 90' lang='lat' dir='ltr'>nam</span> <span class='ocrx_word' id='word_1_240' title='bbox 1227 3261 1353 3325; x_wconf 90' lang='lat' dir='ltr'>Bassus</span> 
     </span>
     <span class='ocr_line' id='line_1_32' title="bbox 321 3355 1353 3444; baseline -0.004 -22"><span class='ocrx_word' id='word_1_241' title='bbox 321 3359 439 3424; x_wconf 84' lang='lat' dir='ltr'>effosso</span> <span class='ocrx_word' id='word_1_242' title='bbox 457 3381 535 3444; x_wconf 87' lang='lat' dir='ltr'>agro</span> <span class='ocrx_word' id='word_1_243' title='bbox 549 3381 607 3422; x_wconf 93' lang='lat' dir='ltr'>suo</span> <span class='ocrx_word' id='word_1_244' title='bbox 620 3358 755 3442; x_wconf 90' lang='lat' dir='ltr'>latisque</span> <span class='ocrx_word' id='word_1_245' title='bbox 768 3359 885 3423; x_wconf 91' lang='lat' dir='ltr'>circum</span> <span class='ocrx_word' id='word_1_246' title='bbox 900 3358 993 3436; x_wconf 82' lang='lat' dir='ltr'>arvis,</span> <span class='ocrx_word' id='word_1_247' title='bbox 1012 3358 1088 3421; x_wconf 93' lang='lat' dir='ltr'>dum</span> <span class='ocrx_word' id='word_1_248' title='bbox 1101 3356 1185 3420; x_wconf 91' lang='lat' dir='ltr'>hunc</span> <span class='ocrx_word' id='word_1_249' title='bbox 1198 3355 1353 3420; x_wconf 83' lang='lat' dir='ltr'>velillum</span> 
     </span>
     <span class='ocr_line' id='line_1_33' title="bbox 319 3449 1353 3536; baseline 0 -22"><span class='ocrx_word' id='word_1_250' title='bbox 319 3451 425 3514; x_wconf 89' lang='lat' dir='ltr'>locum</span> <span class='ocrx_word' id='word_1_251' title='bbox 440 3451 589 3536; x_wconf 87' lang='lat' dir='ltr'>promissi</span> <span class='ocrx_word' id='word_1_252' title='bbox 607 3473 720 3535; x_wconf 89' lang='lat' dir='ltr'>specus</span> <span class='ocrx_word' id='word_1_253' title='bbox 738 3452 911 3528; x_wconf 80' lang='lat' dir='ltr'>adseverat,</span> <span class='ocrx_word' id='word_1_254' title='bbox 931 3460 1166 3535; x_wconf 92' lang='lat' dir='ltr'>sequunturque</span> <span class='ocrx_word' id='word_1_255' title='bbox 1180 3472 1243 3514; x_wconf 94' lang='lat' dir='ltr'>non</span> <span class='ocrx_word' id='word_1_256' title='bbox 1256 3449 1353 3514; x_wconf 93' lang='lat' dir='ltr'>modo</span> 
     </span>
     <span class='ocr_line' id='line_1_34' title="bbox 320 3542 1352 3631; baseline -0.001 -24"><span class='ocrx_word' id='word_1_257' title='bbox 320 3542 434 3608; x_wconf 88' lang='lat' dir='ltr'>milites</span> <span class='ocrx_word' id='word_1_258' title='bbox 453 3542 509 3608; x_wconf 89' lang='lat' dir='ltr'>sed</span> <span class='ocrx_word' id='word_1_259' title='bbox 525 3543 662 3628; x_wconf 91' lang='lat' dir='ltr'>populus</span> <span class='ocrx_word' id='word_1_260' title='bbox 680 3546 852 3628; x_wconf 85' lang='lat' dir='ltr'>agrestium</span> <span class='ocrx_word' id='word_1_261' title='bbox 870 3545 1036 3611; x_wconf 86' lang='lat' dir='ltr'>efficiendo</span> <span class='ocrx_word' id='word_1_262' title='bbox 1054 3545 1145 3631; x_wconf 89' lang='lat' dir='ltr'>operi-</span> <span class='ocrx_word' id='word_1_263' title='bbox 1154 3544 1352 3629; x_wconf 92' lang='lat' dir='ltr'>adsumptus,</span> 
     </span>
     <span class='ocr_line' id='line_1_35' title="bbox 321 3637 1353 3724; baseline -0.003 -20"><span class='ocrx_word' id='word_1_264' title='bbox 321 3637 449 3704; x_wconf 81' lang='lat' dir='ltr'>tandem</span> <span class='ocrx_word' id='word_1_265' title='bbox 464 3637 569 3724; x_wconf 86' lang='lat' dir='ltr'>posita</span> <span class='ocrx_word' id='word_1_266' title='bbox 584 3637 745 3715; x_wconf 75' lang='lat' dir='ltr'>vecordia,</span> <span class='ocrx_word' id='word_1_267' title='bbox 770 3661 834 3703; x_wconf 90' lang='lat' dir='ltr'>non</span> <span class='ocrx_word' id='word_1_268' title='bbox 851 3639 933 3704; x_wconf 88' lang='lat' dir='ltr'>falsa</span> <span class='ocrx_word' id='word_1_269' title='bbox 950 3649 1044 3706; x_wconf 88' lang='lat' dir='ltr'>antea</span> <span class='ocrx_word' id='word_1_270' title='bbox 1062 3639 1185 3704; x_wconf 90' lang='lat' dir='ltr'>somnia</span> <span class='ocrx_word' id='word_1_271' title='bbox 1202 3659 1275 3715; x_wconf 86' lang='lat' dir='ltr'>sua,</span> <span class='ocrx_word' id='word_1_272' title='bbox 1303 3659 1353 3702; x_wconf 89' lang='lat' dir='ltr'>se-</span> 
     </span>
     <span class='ocr_line' id='line_1_36' title="bbox 321 3732 1352 3819; baseline -0.004 -20"><span class='ocrx_word' id='word_1_273' title='bbox 321 3756 384 3819; x_wconf 88' lang='lat' dir='ltr'>que</span> <span class='ocrx_word' id='word_1_274' title='bbox 405 3743 481 3798; x_wconf 90' lang='lat' dir='ltr'>tunc</span> <span class='ocrx_word' id='word_1_275' title='bbox 497 3732 634 3819; x_wconf 86' lang='lat' dir='ltr'>primum</span> <span class='ocrx_word' id='word_1_276' title='bbox 656 3732 781 3797; x_wconf 89' lang='lat' dir='ltr'>elusum</span> <span class='ocrx_word' id='word_1_277' title='bbox 803 3733 976 3810; x_wconf 85' lang='lat' dir='ltr'>admirans,</span> <span class='ocrx_word' id='word_1_278' title='bbox 1003 3735 1156 3819; x_wconf 90' lang='lat' dir='ltr'>pudorem</span> <span class='ocrx_word' id='word_1_279' title='bbox 1178 3741 1210 3797; x_wconf 90' lang='lat' dir='ltr'>et</span> <span class='ocrx_word' id='word_1_280' title='bbox 1232 3742 1352 3796; x_wconf 89' lang='lat' dir='ltr'>metum</span> 
     </span>
     <span class='ocr_line' id='line_1_37' title="bbox 321 3826 1354 3914; baseline -0.005 -20"><span class='ocrx_word' id='word_1_281' title='bbox 321 3839 421 3894; x_wconf 88' lang='lat' dir='ltr'>morte</span> <span class='ocrx_word' id='word_1_282' title='bbox 438 3827 614 3893; x_wconf 75' lang='lat' dir='ltr'>voluntaria</span> <span class='ocrx_word' id='word_1_283' title='bbox 631 3827 751 3914; x_wconf 84' lang='lat' dir='ltr'>effugit.</span> <span class='ocrx_word' id='word_1_284' title='bbox 778 3829 907 3914; x_wconf 89' lang='lat' dir='ltr'>quidam</span> <span class='ocrx_word' id='word_1_285' title='bbox 928 3829 1069 3894; x_wconf 75' lang='lat' dir='ltr'>vinctum</span> <span class='ocrx_word' id='word_1_286' title='bbox 1092 3850 1129 3892; x_wconf 89' lang='lat' dir='ltr'>ac</span> <span class='ocrx_word' id='word_1_287' title='bbox 1151 3849 1225 3892; x_wconf 85' lang='lat' dir='ltr'>mox</span> <span class='ocrx_word' id='word_1_288' title='bbox 1242 3826 1354 3890; x_wconf 85' lang='lat' dir='ltr'>dimis-</span> 
     </span>
     <span class='ocr_line' id='line_1_38' title="bbox 322 3922 1281 4010; baseline -0.004 -22"><span class='ocrx_word' id='word_1_289' title='bbox 322 3947 392 3988; x_wconf 87' lang='lat' dir='ltr'>suro</span> <span class='ocrx_word' id='word_1_290' title='bbox 411 3923 575 4000; x_wconf 82' lang='lat' dir='ltr'>tradidere,</span> <span class='ocrx_word' id='word_1_291' title='bbox 593 3922 748 4009; x_wconf 90' lang='lat' dir='ltr'>ademptis</span> <span class='ocrx_word' id='word_1_292' title='bbox 765 3922 858 3989; x_wconf 90' lang='lat' dir='ltr'>bonis</span> <span class='ocrx_word' id='word_1_293' title='bbox 875 3923 1031 4005; x_wconf 85' lang='lat' dir='ltr'>inlocum</span> <span class='ocrx_word' id='word_1_294' title='bbox 1047 3923 1154 4010; x_wconf 88' lang='lat' dir='ltr'>regiae</span> <span class='ocrx_word' id='word_1_295' title='bbox 1172 3943 1281 4007; x_wconf 81' lang='lat' dir='ltr'>gazae.</span> 
     </span>
    </p>

    <p class='ocr_par' dir='ltr' id='par_1_6' title="bbox 287 4007 1352 4289">
     <span class='ocr_line' id='line_1_39' title="bbox 287 4007 1352 4103; baseline -0.007 -20"><span class='ocrx_word' id='word_1_296' title='bbox 287 4035 303 4083; x_wconf 79' lang='lat' dir='ltr'>t</span> <span class='ocrx_word' id='word_1_297' title='bbox 376 4007 511 4082; x_wconf 72' lang='lat' dir='ltr'>¹Interea</span> <span class='ocrx_word' id='word_1_298' title='bbox 532 4027 660 4082; x_wconf 84' lang='lat' dir='ltr'>senatus</span> <span class='ocrx_word' id='word_1_299' title='bbox 683 4017 858 4103; x_wconf 88' lang='lat' dir='ltr'>propinquo</span> <span class='ocrx_word' id='word_1_300' title='bbox 879 4018 944 4082; x_wconf 89' lang='lat' dir='ltr'>iam</span> <span class='ocrx_word' id='word_1_301' title='bbox 965 4017 1087 4083; x_wconf 89' lang='lat' dir='ltr'>lustrali</span> <span class='ocrx_word' id='word_1_302' title='bbox 1105 4015 1289 4091; x_wconf 78' lang='lat' dir='ltr'>certamine,</span> <span class='ocrx_word' id='word_1_303' title='bbox 1317 4022 1352 4078; x_wconf 92' lang='lat' dir='ltr'>ut</span> 
     </span>
     <span class='ocr_line' id='line_1_40' title="bbox 321 4108 1352 4198; baseline -0.003 -23"><span class='ocrx_word' id='word_1_304' title='bbox 321 4111 459 4176; x_wconf 88' lang='lat' dir='ltr'>dedecus</span> <span class='ocrx_word' id='word_1_305' title='bbox 477 4121 645 4190; x_wconf 73' lang='lat' dir='ltr'>averteret,</span> <span class='ocrx_word' id='word_1_306' title='bbox 667 4111 760 4176; x_wconf 83' lang='lat' dir='ltr'>offert</span> <span class='ocrx_word' id='word_1_307' title='bbox 776 4111 956 4198; x_wconf 81' lang='lat' dir='ltr'>imperatori</span> <span class='ocrx_word' id='word_1_308' title='bbox 973 4113 1136 4178; x_wconf 80' lang='lat' dir='ltr'>victoriam</span> <span class='ocrx_word' id='word_1_309' title='bbox 1154 4117 1266 4174; x_wconf 90' lang='lat' dir='ltr'>cantus</span> <span class='ocrx_word' id='word_1_310' title='bbox 1285 4108 1352 4172; x_wconf 85' lang='lat' dir='ltr'>adi-</span> 
     </span>
     <span class='ocr_line' id='line_1_41' title="bbox 320 4201 1352 4289; baseline -0.002 -23"><span class='ocrx_word' id='word_1_311' title='bbox 320 4203 424 4286; x_wconf 88' lang='lat' dir='ltr'>citque</span> <span class='ocrx_word' id='word_1_312' title='bbox 442 4203 608 4268; x_wconf 77' lang='lat' dir='ltr'>facundiae</span> <span class='ocrx_word' id='word_1_313' title='bbox 626 4227 787 4282; x_wconf 86' lang='lat' dir='ltr'>coronam,</span> <span class='ocrx_word' id='word_1_314' title='bbox 814 4227 877 4289; x_wconf 86' lang='lat' dir='ltr'>qua</span> <span class='ocrx_word' id='word_1_315' title='bbox 893 4207 1014 4272; x_wconf 81' lang='lat' dir='ltr'>ludicra</span> <span class='ocrx_word' id='word_1_316' title='bbox 1031 4203 1213 4270; x_wconf 88' lang='lat' dir='ltr'>deformitas</span> <span class='ocrx_word' id='word_1_317' title='bbox 1231 4201 1352 4266; x_wconf 83' lang='lat' dir='ltr'>velare-</span> 
     </span>
    </p>
   </div>
   <div class='ocr_carea' id='block_1_3' title="bbox 0 0 1514 4958">
    <p class='ocr_par' dir='ltr' id='par_1_7' title="bbox 0 0 1514 4958">
     <span class='ocr_line' id='line_1_42' title="bbox 0 0 1514 4958; baseline 0 0"><span class='ocrx_word' id='word_1_318' title='bbox 0 0 1514 4958; x_wconf 95' lang='lat' dir='ltr'> </span> 
     </span>
    </p>
   </div>
  </div>
 </body>
</html>
