3020 4964
403 431 610 490 ANNALIUM
628 433 702 490 nra.
716 433 781 489 xv.
800 434 920 488 ea-ar.
1109 423 1174 490 295

149 527 263 577 acam.

148 596 223 671 nire,
238 593 299 658 nisi
312 591 477 658 sacerdotii
490 591 640 678 religione
649 591 843 656 attineretur:
862 591 977 656 iturum
986 592 1026 656 nd
1040 591 1131 680 signa
1144 579 1194 660 ct¹

147 687 270 773 effigies
279 684 437 771 principis,
447 683 503 750 ubi
510 682 687 772 legionibus
697 707 801 750 eoram
810 705 942 772 regnum
951 687 1173 772 auspicaretur.

213 779 345 846 Talibus
368 778 536 866 Vologesis
561 779 682 857 litteris,
709 779 784 864 quia
804 778 923 846 Paetus
946 779 1071 847 diversa
1096 791 1176 847 tam·
1193 802 1225 850 25

147 899 243 960 quam
264 871 359 940 rebus
381 873 511 960 integris
533 871 703 952 scribebat,
729 874 938 961 interrogatus
960 876 1099 940 centurio
1120 878 1175 960 qui

147 993 221 1034 cum
238 968 351 1055 legatis
368 968 546 1045 advenerat,
565 989 628 1051 quo
645 967 678 1032 in
697 967 941 1036 statuArmenia
953 978 1047 1047 esset,
1066 992 1174 1036 omnes

147 1064 222 1128 inde
241 1063 401 1128 Romanos
419 1061 593 1128 excessisse
611 1062 782 1148 respondit.
804 1071 871 1126 turn
888 1063 1046 1128 intellecto
1063 1061 1176 1130 barba·

146 1181 254 1224 rorum
266 1156 374 1233 inrisu,
393 1156 447 1241 qui
459 1165 602 1242 peterent
614 1156 699 1240 quod
716 1156 903 1241 eripuerant,
922 1156 1079 1222 consuluit
1095 1157 1176 1223 inter

146 1252 300 1338 primores
318 1249 453 1316 civitatis
471 1249 571 1328 Nero,
594 1249 711 1314 bellum
729 1272 845 1335 anceps
867 1273 908 1316 an
948 1273 988 1316 ax
1009 1251 1176 1318 inhonesta

146 1347 295 1433 placeret
321 1367 381 1411 nec
398 1344 575 1410 dubitatum
592 1344 633 1409 de
651 1343 747 1422 bello;
770 1354 802 1409 et
819 1343 906 1410 Corh
940 1367 960 1410 o
977 1345 1111 1410 militum
1128 1355 1176 1410 at-

146 1464 210 1526 que
227 1440 365 1508 hostium
387 1449 433 1505 tot
454 1462 511 1525 per
532 1463 630 1506 annos
653 1461 770 1526 gnarus
788 1441 944 1526 gerendae
965 1442 1011 1506 rei
1032 1441 1175 1528 praefici-

146 1546 212 1613 tur,
239 1557 279 1600 ne
305 1534 395 1600 cuius
421 1532 548 1600 alterius
574 1533 700 1600 inscitia
724 1557 848 1600 rursum
874 1545 1069 1620 peccaretur,
1100 1536 1175 1619 quia

144 1629 239 1694 Paeti
255 1629 410 1716 piguerat
427 1627 524 1714 igitur
540 1628 624 1694 inriti
641 1629 849 1706 remittuntur,
868 1651 940 1694 cunr
953 1629 1043 1694 donia
1057 1641 1172 1706 tamen,

146 1723 232 1788 unde
250 1745 323 1808 spes
341 1722 430 1788 fieret
446 1744 510 1787 non
527 1722 645 1788 frustra
663 1723 773 1788 eadem
785 1732 945 1788 oraturum
955 1723 1126 1801 Tiridaten,
1146 1724 1174 1790 si

145 1838 257 1903 preces
278 1817 347 1902 ipse
369 1816 538 1894 attulisset3
558 1814 731 1902 Syriaeque
753 1817 895 1883 executio
913 1817 952 1882 Ο.
971 1817 1045 1894 Itio,
1065 1818 1173 1903 copiae

145 1910 298 1976 militares
309 1908 481 1976 Corbuloni
498 1911 685 1995 permissee3
704 1920 736 1976 et
752 1910 861 1992 quinta
874 1910 1006 1975 decuma
1019 1911 1102 1996 legio
1116 1910 1174 1974 du-

147 2014 239 2070 cente
260 2003 364 2070 Mario
384 2003 479 2070 Celso
501 2004 702 2070 ePanncnia
724 2004 845 2069 adiecta
867 2013 930 2081 est;
957 2003 1103 2068 scribitur
1129 2013 1174 2067 te-

146 2099 280 2164 trarchis
298 2121 335 2164 ac
351 2097 479 2184 regibus
496 2097 727 2184 praefectisque
745 2106 776 2161 ct
788 2095 1051 2182 procuratoribus,
1070 2107 1102 2160 et
1119 2097 1174 2179 qui

146 2203 326 2280 praetorum
344 2192 493 2258 finitimas
515 2191 693 2278 provincias
715 2189 881 2277 regebant,
903 2191 999 2256 iussis
1017 2188 1174 2255 Corbulo-

147 2287 198 2352 nis
212 2285 344 2369 obsequi
356 2287 519 2351 intantum
537 2286 636 2350 ferme
650 2285 777 2350 modurn
792 2295 883 2348 aucta
895 2292 1060 2369 potestate,
1079 2305 1174 2367 quem

146 2379 284 2468 populus
297 2378 693 2465 Romanuan.Pompcic
715 2378 833 2444 bellurn
854 2378 1020 2463 piraticum
1045 2387 1173 2464 gesturo

147 2476 288 2540 dederat.
318 2495 498 2560 regressum
519 2473 668 2551 Paetum,
687 2496 759 2538 oum
776 2472 921 2558 graviora
943 2481 1108 2550 metueret,
1126 2472 1175 2537 sa-

148 2567 237 2634 cetiis
255 2567 401 2632 insectari
413 2569 488 2634 satis
503 2567 618 2632 habuit
630 2566 758 2644 Caesar,
777 2567 827 2632 his
840 2566 939 2632 ferme
952 2565 1067 2632 verbis:
1084 2567 1175 2653 igno-

148 2684 237 2728 scere
263 2685 298 2728 se
325 2662 443 2740 statim,
473 2685 513 2726 ne
535 2671 599 2726 tam
620 2672 783 2749 promptus
809 2661 842 2726 in
863 2684 1013 2748 pavorem
1034 2660 1174 2748 longiore

149 2755 357 2822 sollicitudine
375 2765 578 2843 aegresceret.
1230 2821 1231 2824 ,

213 2849 261 2915 At
270 2849 409 2916 Corbulo
427 2860 537 2934 quarta
555 2860 586 2916 et
599 2850 796 2914 duodecuma
812 2849 999 2934 legionibus,
1019 2871 1099 2933 quae
1110 2849 1176 2915 scr·
1194 2870 1226 2916 26

149 2944 272 3010 tissime
290 2965 414 3026 quoque
431 2945 548 3010 amisso
566 2954 598 3009 et
615 2943 727 3008 ceteris
745 2942 901 3006 exterritis
921 2963 1033 3026 parum
1054 2941 1175 3007 habiles

147 3037 268 3124 proelio
285 3038 484 3116 videbantur,
510 3039 544 3103 in
562 3037 687 3124 Syriam
708 3035 881 3113 translatis,
909 3044 1030 3099 sextam
1048 3035 1120 3099 inde
1139 3057 1176 3099 ac

148 3132 273 3197 tertiam
290 3131 439 3218 legiones,
458 3132 615 3218 integrum
632 3131 763 3197 militem
781 3139 812 3194 et
829 3128 947 3195 crebris
964 3150 1002 3192 ae
1018 3128 1176 3212 prosperis

147 3225 310 3292 laboribus
328 3228 507 3304 exercitum,
526 3227 559 3291 in
567 3225 752 3290 Armeniam
769 3223 864 3301 ducit,
883 3222 1063 3307 addiditque
1081 3223 1179 3309 legio-

149 3341 223 3384 ncm
233 3320 383 3403 quintam,
401 3342 483 3404 quae
499 3343 556 3405 per
562 3320 701 3386 Pontum
714 3340 813 3404 agens
826 3340 938 3404 expers
953 3317 1050 3382 cladis
1064 3317 1176 3393 fuerat,

151 3415 246 3480 simul
264 3415 562 3498 quintadecumanos
579 3433 688 3480 reeens
703 3414 856 3479 adductos
870 3420 902 3478 et
914 3412 1030 3477 vexilla
1042 3411 1179 3478 delecto-

150 3532 221 3574 rum
231 3530 270 3572 cx
279 3507 405 3594 Illyrico
418 3518 450 3573 et
457 3509 617 3595 Aegypto,
636 3509 783 3593 quodque
794 3507 917 3574 alarum
930 3507 1177 3590 cohortiumque,

151 3612 183 3667 et
201 3602 318 3668 auxilia
334 3625 444 3690 regum
461 3604 495 3668 in
512 3626 610 3668 unum
633 3603 788 3668 eonducta
809 3603 895 3687 apud
910 3601 1096 3676 Melitenen,
1116 3622 1179 3682 qua

85 3693 92 3707 “
152 3696 322 3761 tramittere
339 3697 523 3783 Euphraten
544 3696 684 3783 parabat.
712 3706 780 3762 tum
797 3696 962 3760 lustratum
984 3695 1041 3758 rite
1060 3692 1179 3757 exerci-

152 3800 219 3855 tum
237 3790 278 3855 ad
296 3790 470 3856 contionem
488 3801 581 3858 vocat
597 3790 777 3872 orditurque
795 3787 963 3873 magnifica
975 3788 1014 3850 de
1029 3785 1177 3868 auspiciis

151 3885 347 3968 imperatoris
373 3885 530 3969 rebusque
552 3909 572 3950 a
598 3907 632 3950 se
658 3883 772 3970 gestis,
807 3881 940 3947 adversa
965 3881 998 3943 in
1024 3877 1179 3943 inscitiam

151 3977 245 4042 Paeti
261 3978 435 4058 declinans,
454 3981 553 4046 multa
571 3977 768 4053 auctoritate,
796 3997 876 4058 quae
894 3975 961 4038 viro
979 3972 1104 4036 militari
1121 3995 1179 4056 pro

152 4071 303 4138 facundia
318 4083 393 4139 erat.

218 4165 298 4232 Mox
311 4165 418 4234 itcrL.
429 4169 566 4236 Lucullo
580 4165 737 4252 quondam
751 4172 955 4250 penetratum,
974 4162 1089 4248 apertis
1098 4185 1179 4248 quae
1198 4179 1229 4227 27
