2960 4962
311 396 354 462 88
659 402 843 462 conunnn
856 401 988 460 raom

1229 509 1288 540 an.
1302 501 1356 542 ΠΒ.

309 565 507 630 duraverunt.
540 561 660 627 Caesar
685 561 767 628 flexo
787 561 821 628 in
841 561 1029 627 maestitiam
1050 583 1117 641 ore,
1145 587 1239 630 suam
1260 568 1357 632 invi·
1420 641 1424 648 ¹

309 660 394 724 diam
418 657 474 722 tali
500 666 599 722 morte
625 655 799 739 quaesitam
824 657 909 741 apud
935 667 1078 722 senatum
1104 657 1177 693 *ss
1204 662 1355 728 crebris.

309 775 370 837 que
397 749 692 837 interrogationibus
713 749 849 834 exquirit
870 750 996 834 qualem
1017 750 1093 816 Piso
1116 753 1199 818 diem
1227 779 1355 841 supre-

307 869 396 910 mum
420 854 606 928 noctemque
633 844 806 929 exegisset;
838 853 930 928 atque
956 845 1010 910 illo
1036 845 1184 932 pleraque
1211 851 1353 934 sepien-

307 950 369 1018 ter,
397 939 553 1024 quaedam
578 937 783 1002 inconsultius
809 938 1017 1022 respondente
1042 941 1351 1024 recitatcodicillos

307 1057 328 1098 a
352 1033 469 1098 Pisone
496 1033 529 1096 in
553 1031 638 1097 bunc
663 1030 761 1096 ferme
794 1033 924 1096 modum
954 1033 1158 1119 compositos:
1191 1038 1351 1122 „conspi-

306 1128 426 1192 ratione
455 1127 651 1192 inimicorum
682 1135 713 1190 et
743 1125 861 1190 invidia
886 1125 959 1190 falsi
985 1127 1122 1194 criminis
1153 1151 1348 1215 oppressuS,

307 1231 461 1303 quatenus
480 1219 602 1284 veritati
620 1228 651 1283 et
672 1219 866 1284 innocentiae
884 1242 973 1284 meae
994 1243 1150 1305 nusquam
1167 1221 1257 1288 loeus
1278 1235 1348 1300 est,

307 1315 383 1380 deos
405 1312 585 1378 inmortales
608 1322 706 1378 testor
727 1313 845 1378 vixisse
862 1335 928 1392 me,
953 1312 1086 1393 Caesar,
1110 1337 1181 1380 cum
1199 1316 1261 1380 fide
1282 1318 1347 1382 ad-

306 1428 433 1472 versum
451 1417 481 1472 te
498 1428 600 1491 neque
614 1407 675 1470 alia
687 1406 719 1470 iu
734 1415 865 1470 matrem
879 1416 965 1472 tuam
982 1409 1113 1493 pietate3
1130 1431 1251 1492 vosque
1270 1433 1344 1487 ora,

304 1500 411 1564 liberis
433 1499 512 1564 meis
531 1499 716 1578 consulatis,
741 1522 781 1564 ex
802 1499 916 1583 quibus
933 1499 995 1567 Cn.
1014 1501 1091 1566 Piso
1113 1503 1344 1588 qualicumque

305 1594 449 1659 fortunae
467 1615 556 1658 meae
575 1615 639 1656 non
656 1603 705 1658 est
721 1593 901 1672 adiunctus,
926 1617 997 1659 cum
1016 1618 1108 1660 omne
1130 1597 1191 1662 hoe
1208 1605 1342 1682 tempus

304 1688 337 1751 in
360 1687 436 1752 urbe
459 1687 570 1773 egerit,
594 1687 641 1752 M.
660 1686 737 1752 Piso
759 1697 898 1773 repetere
919 1687 1044 1774 Syriam
1066 1691 1248 1758 dehortatus
1271 1702 1341 1756 est:

305 1792 398 1864 atque
421 1782 541 1846 utinam
563 1803 623 1867 ogo
639 1781 745 1866 potius
767 1782 831 1846 filio
849 1782 955 1847 iuveni
976 1805 1071 1866 quam
1093 1785 1144 1848 ille
1166 1785 1249 1869 patri
1267 1786 1341 1850 seni

306 1875 463 1940 cessisset.
491 1898 530 1940 eo
550 1875 713 1960 inpensius
735 1897 846 1961 precor
862 1898 902 1940 ne
925 1899 1013 1941 meae
1035 1878 1196 1962 pravitatis
1214 1901 1339 1964 poenas

305 1968 451 2036 innoxius
469 1969 548 2034 luat:
571 1991 627 2054 per
644 1969 781 2053 quinque
800 1979 831 2034 et
848 1970 1055 2056 quadraginta
1071 1994 1225 2036 annornm
1243 1971 1339 2036 obsc-

306 2064 424 2147 quium‚
443 2087 500 2150 per
517 2063 683 2149 collegium
702 2063 882 2128 consulatus
905 2065 1063 2150 quondam
1081 2064 1154 2130 divo
1171 2063 1337 2152 Augusto,

305 2159 427 2242 parenti
449 2170 517 2236 tuo,
543 2158 693 2243 probatus
717 2166 748 2221 et
770 2157 826 2222 tibi
848 2158 968 2224 amicus
990 2181 1048 2224 nec
1070 2159 1240 2242 quicquam
1261 2170 1337 2245 post

304 2251 384 2316 haec
405 2261 570 2337 rogaturus
594 2251 727 2316 salutem
749 2251 883 2316 infelicis
905 2251 962 2316 filii
982 2256 1090 2338 rogo.“
1118 2254 1157 2317 de
1179 2252 1337 2319 Plancina

305 2345 382 2408 nihil
400 2345 529 2410 addidit.
1169 2429 1170 2432 Ἴ

273 2459 284 2504 t
367 2437 447 2520 Post
468 2460 550 2522 quae
568 2438 714 2504 Tiberius
737 2439 969 2508 adulescentem
987 2440 1115 2506 crimine
1137 2441 1235 2506 civilis
1258 2441 1335 2506 belli

303 2531 450 2617 purgavit
471 2533 627 2617 -patris
650 2534 766 2619 quippe
789 2535 892 2612 iussa,
919 2558 978 2600 nec
998 2536 1140 2621 potuisse
1161 2536 1336 2602 filium-de-

304 2636 434 2690 trectare
451 2663 508 2702 —,
536 2626 630 2690 simul
651 2627 845 2693 nobilitatem
868 2630 995 2707 domus,
1018 2630 1111 2695 etiam
1133 2629 1232 2716 ipsius
1255 2652 1336 2714 quo-

303 2740 366 2802 quo
383 2719 478 2783 modo
500 2719 601 2784 meriti
624 2743 753 2806 gravem
775 2743 885 2788 casum
901 2723 1077 2790 miseratus.
1103 2746 1161 2809 pro
1178 2722 1334 2788 Plancina

304 2837 377 2878 cum
393 2815 514 2900 pudore
532 2825 563 2880 et
580 2815 699 2903 flagitio
718 2816 874 2895 disseruit,
894 2818 1001 2884 matris
1019 2841 1128 2903 preces
1147 2818 1333 2896 obtendens,

302 2910 336 2974 in
358 2933 453 2994 quam
476 2909 585 2997 optimi
608 2911 759 2996 cuiusque
783 2912 894 2978 secreti
916 2923 1045 2997 questus
1063 2913 1165 2999 magis
1189 2913 1334 2977 ardesce-

303 3004 393 3072 bant:
419 3007 451 3071 id
474 3028 549 3093 ergo
571 3004 621 3072 fas
644 3007 747 3085 aviae,
774 3006 1013 3072 interfectricem
1035 3008 1156 3093 nepotis
1180 3007 1332 3092 aspicere,

303 3103 443 3187 adloqui,
467 3103 585 3188 eripere
604 3102 725 3168 senatui
731 3127 740 3180 ;
763 3103 848 3186 quod
863 3123 921 3187 pro
939 3101 1084 3167 omnibus
1103 3102 1224 3166 civibus
1242 3099 1333 3187 leges

303 3195 477 3275 obtineant,
500 3199 556 3262 uni
574 3195 763 3262 Germanico
784 3220 848 3261 non
870 3197 1054 3282 contigisse3
1076 3196 1197 3260 Vitellii
1218 3204 1249 3261 et
1266 3195 1334 3260 Ve-

302 3291 381 3354 ranii
399 3312 475 3356 voce
494 3291 641 3354 defletum
660 3289 844 3369 Caesarem,
867 3290 907 3356 ab
928 3289 1114 3376 imperatore
1132 3299 1164 3354 et
1180 3287 1333 3374 Augusta

303 3382 466 3446 defensam
479 3381 676 3446 Plancinam:
694 3383 825 3466 proinde
839 3406 960 3448 venena
977 3392 1008 3448 et
1025 3393 1106 3451 artes
1121 3392 1186 3448 tam
1198 3383 1333 3448 feliciter

302 3484 446 3559 expertas
461 3484 595 3538 verteret
607 3475 642 3537 in
654 3474 874 3561 Agrippinam,
888 3478 921 3540 in
933 3477 1048 3542 liberos
1063 3478 1139 3554 eius,
1153 3477 1333 3563 egregiam·

302 3589 362 3650 qne
381 3567 483 3632 aviam
501 3590 538 3632 ac
555 3578 700 3652 patruum
723 3570 875 3655 sangnine
888 3571 1090 3637 miserrimae
1108 3571 1220 3636 domus
1239 3592 1333 3636 exsa-

302 3662 401 3728 tiaret.
423 3661 555 3728 biduum
573 3685 667 3748 super
683 3664 742 3728 hac
755 3664 891 3752 imagine
909 3666 1096 3752 cognitionis
1115 3665 1330 3751 absumptum,

302 3766 433 3843 urgente
451 3757 577 3826 Tiberio
595 3757 710 3822 liberos
727 3756 869 3838 Pisonis,
891 3768 1023 3824 matrem
1041 3761 1087 3824 uti
1105 3768 1280 3837 tuerentur;
1299 3770 1332 3824 et

186 3848 189 3854 ’
302 3873 373 3915 cum
392 3861 588 3917 accusatores
607 3874 644 3917 ac
663 3861 758 3917 testes
772 3853 912 3916 certatim
925 3862 1107 3938 perorarent
1119 3853 1329 3938 respondente

303 3946 402 4024 nullo,
425 3947 582 4012 miseratio
604 3970 699 4030 quam
721 3946 838 4012 invidia
859 3946 1042 4034 augebatur.
1065 3949 1185 4035 primus
1204 3956 1330 4020 sentcn-

303 4038 378 4102 tiam
394 4050 523 4126 rogatus
540 4040 690 4107 Aurelius
705 4040 800 4128 Cotta
817 4041 1061 4108 consul—nam
1077 4042 1232 4108 referente
1247 4039 1329 4106 Cae-

302 4155 371 4196 sare
389 4134 590 4220 magistratus
609 4159 647 4202 eo
665 4137 757 4202 etiam
776 4159 905 4204 munere
922 4136 1136 4225 fungebantur
1152 4176 1195 4186 —
1212 4158 1328 4202 nomen
