3084 4960
533 467 657 514 scama
676 469 894 516 computato.
1164 467 1257 514 XLIX

161 597 229 638 vero
249 579 421 661 iugenstille
433 578 588 634 animorum
600 586 702 651 motus,
720 583 843 663 lueruuq
860 581 889 635 in
908 597 964 652 quo
982 581 1083 640 breves
1098 587 1258 664 etargutac

161 647 703 790 lilsslpliriliiofffiifflilil
720 657 1258 792 lotlltt‘sstltztlltfltltlfilr

161 803 266 840 novam
280 785 385 840 faciem
397 785 523 849 induere,
538 800 611 854 quae
622 786 703 840 novis
722 793 769 842 tea
780 785 936 840 sententiae
942 787 1039 842 vinciri
1046 788 1186 854 solebant,
1192 803 1257 841 raro

161 855 248 908 rebus
255 853 517 910 conveniensesset.
533 851 634 922 ltaque
641 871 703 908 cum
721 860 887 909 usncssent
905 854 1056 910 Praeterea
1066 857 1164 911 eadem
1172 855 1258 910 licen·

161 938 285 992 magnae
302 921 379 975 illiue
397 937 491 975 rernm
508 921 702 975 conversionis
721 921 804 976 tia-in
818 923 969 977 verborum
982 923 1096 978 delectu
1109 923 1154 978 usi
1166 931 1258 978 trans-

161 991 235 1045 haec
243 989 420 1058 potissimum
431 1005 517 1042 causa
526 987 619 1058 fuerit,
627 990 704 1060 quod
721 990 858 1045 lationum
871 991 993 1046 audacia
1006 997 1034 1046 et
1047 992 1146 1046 crebro
1155 991 1258 1062 figura·

163 1059 338 1114 Graecorum
347 1056 466 1110 maxime
476 1056 577 1110 litteris
584 1059 703 1112 artibus·
721 1059 1260 1129 rumusuetverbismultieepoetarum

163 1142 219 1196 qne
230 1126 326 1180 deleta
335 1131 429 1180 vetere
440 1124 596 1178 divinarum
606 1126 702 1180 huma·
721 1127 819 1196 lingua
837 1127 874 1180 ad
896 1143 1010 1196 prosam
1028 1126 1182 1182 orationem
1203 1131 1259 1180 tra·

162 1211 321 1272 uarumque
339 1209 432 1247 rerum
450 1192 601 1262 disciplina
618 1200 647 1248 et
660 1211 703 1249 so·
722 1195 824 1263 ductis,
836 1194 900 1249 aliis
911 1195 999 1250 eforo
1009 1197 1055 1250 vel
1066 1194 1164 1250 schola
1173 1199 1202 1249 et
1211 1195 1259 1248 de·

154 1263 224 1326 ‚luto
234 1278 393 1332 priscorum
401 1277 509 1315 morum
518 1261 703 1333 vinculaque
722 1262 1074 1319 clamandiconsnetudine
1083 1263 1189 1334 petitis,
1197 1261 1259 1316 aliis

164 1331 231 1384 olim
255 1330 332 1383 cives
356 1329 501 1383 constricti
524 1330 702 1399 tenebantur,
722 1331 845 1403 denique
859 1331 905 1386 vel
919 1332 957 1386 ad
973 1331 1158 1387 imitationem
1173 1331 1260 1386 Grue-

163 1398 343 1468 ingeniorum
351 1397 469 1452 libertas
479 1413 514 1452 ea
528 1405 591 1453 orta
605 1404 657 1467 est,
672 1405 705 1452 ut
723 1415 819 1454 corum
836 1397 1056 1454 accommodatis
1077 1400 1124 1454 vel
1145 1397 1261 1470 propria

165 1483 217 1521 suo
228 1468 349 1536 quisque
360 1465 498 1520 arbitratu
509 1483 618 1537 suoque
630 1483 704 1520 com·
722 1467 884 1522 inventione
903 1466 1006 1532 efflatis
1024 1468 1096 1524 adeo
1110 1484 1214 1521 novum
1232 1471 1262 1520 et

163 1536 249 1588 modo
257 1533 536 1604 vitamagerevellet,
546 1542 704 1589 nouantem
723 1536 1259 1607 diversumdicendigenusprotnlerunq

163 1603 193 1657 in
205 1603 331 1658 medium
346 1601 476 1657 conferre
490 1609 519 1656 et
532 1617 585 1672 pro
599 1604 641 1658 rei
654 1619 703 1673 pu·
723 1610 754 1658 ιιι
775 1602 879 1659 veteris
900 1604 978 1658 illius
1002 1604 1107 1660 latinae
1124 1602 1261 1658 orationis

164 1672 258 1725 blicae
273 1671 365 1724 salute
380 1675 409 1724 et
421 1670 514 1741 gloria
531 1670 703 1750 profundere
722 1689 787 1726 rara
804 1670 926 1742 vestigia
945 1677 1135 1742 superessent
1164 1669 1260 1750 Atque

165 1739 302 1809 quicquid
312 1738 432 1808 quisque
443 1739 488 1793 vel
498 1739 636 1794 ammivel
645 1755 703 1793 cor·
722 1741 752 1794 in
761 1745 822 1794 toto
833 1741 889 1794 hoc
899 1741 994 1795 studio
1005 1746 1085 1796 tanto
1096 1739 1260 1809 diligentius

163 1809 242 1878 poris
252 1806 361 1860 viribus
370 1807 491 1875 valeret,
506 1807 612 1862 factum
622 1813 706 1862 estut
725 1809 910 1864 elaborarunt
924 1809 1002 1879 qnod
1016 1808 1102 1863 soluti
1117 1807 1208 1862 civilis
1220 1806 1261 1859 vi·

165 1893 228 1930 cum
237 1875 297 1929 vita
306 1879 401 1930 vetere
411 1875 582 1930 etiamvetus
593 1875 705 1930 dicendi
723 1885 769 1931 tae
779 1877 902 1946 negotiis
912 1884 941 1932 et
954 1875 1182 1932 contentionibus
1192 1873 1261 1928 Cae·

164 1961 210 1998 ars
230 1949 427 2012 sperneretur3
449 1959 524 1998 nova
545 1951 640 1998 autem
658 1961 704 1998 ars
724 1945 836 2014 serique
867 1945 1062 2014 permittentes
1093 1958 1262 1998 summarum

165 2029 228 2066 cum
242 2010 471 2080 proficisceretur
484 2013 521 2066 ab
535 2011 636 2067 iisdem
648 2012 705 2066 illis
723 2013 945 2068 rerumomnium
953 2018 1123 2084 potestatem
1133 2018 1262 2088 ctcuram

164 2079 296 2150 ingeniis,
316 2097 389 2151 quae
407 2079 545 2134 nolebant
567 2080 706 2136 communi
724 2098 760 2135 ac
778 2081 898 2152 gloriam
918 2079 948 2134 in
966 2081 1053 2135 vitam
1071 2096 1133 2134 eam
1155 2079 1262 2132 detrun

166 2149 264 2218 aliquo
282 2147 396 2203 vinculo
420 2154 449 2203 et
469 2148 586 2218 publica
608 2166 706 2206 norma
725 2155 814 2217 crant,
825 2149 854 2202 in
864 2165 920 2270 qua
928 2148 1008 2203 nulla
1020 2163 1187 2218 magnorum
1197 2149 1262 2225 con·

165 2216 307 2286 adstringi
318 2217 368 2271 sed
378 2217 500 2270 omnium
508 2234 601 2272 rerum
614 2218 706 2288 legem
725 2217 851 2272 siliorum
878 2219 988 2270 acultas
1002 2221 1086 2284 esset,
1106 2215 1187 2269 nulla
1203 2229 1263 2267 aur·

165 2284 195 2340 in
205 2301 257 2338 suo
268 2285 385 2338 arbitrio
396 2301 512 2355 ponere,
522 2285 579 2340 hoc
587 2286 705 2355 primum
725 2302 832 2340 morum
842 2301 981 2356 generosa
990 2283 1169 2354 elatio‚nulla
1178 2281 1263 2335 virtu-

165 2352 278 2424 insigne
288 2353 398 2421 habuit,
409 2353 553 2434 quodnon
566 2361 707 2424 passaest
725 2354 762 2408 tis
778 2353 946 2421 certamina3
963 2352 1084 2424 proinde
1097 2351 1189 2406 inanis
1203 2350 1262 2430 rita

167 2438 198 2476 se
216 2422 278 2476 eius
299 2422 436 2480 orationis
450 2422 576 2476 terminis
590 2422 706 2490 includi,
725 2420 1263 2492 protulitarteminanem3amissaenrm

167 2505 240 2559 quae
262 2490 377 2559 proprie
400 2492 484 2544 latino
501 2490 562 2546 visa
581 2497 655 2559 erat,
679 2491 796 2560 atrita,
815 2507 888 2561 quae
905 2491 1049 2544 materiam
1064 2489 1118 2544 arti
1131 2503 1262 2557 magnam

168 2574 252 2628 quam
277 2575 381 2628 magno
396 2559 591 2630 eoncordique
613 2559 706 2614 studio
726 2556 1262 2628 etenimospenitusmoventemsubie-

168 2629 283 2693 Caesar,
296 2625 540 2696 Ciceromultique
551 2626 599 2681 alii
612 2627 707 2682 ituco·
726 2633 815 2698 cerat,
835 2626 944 2680 solutus
962 2630 1007 2681 est
1027 2625 1191 2696 praeclarus
1213 2623 1263 2676 ille

167 2695 289 2762 lucrant,
304 2701 336 2747 ut
345 2694 405 2770 sinc
415 2711 450 2748 ea
459 2695 650 2765 eloquentiam
661 2712 707 2750 ve·
726 2695 858 2749 materiae
869 2699 898 2749 et
911 2694 1018 2748 formae
1030 2697 1194 2761 concentus,
1206 2707 1262 2762 quo

167 2779 226 2816 ram
244 2779 281 2816 ao
300 2779 397 2816 sanam
414 2763 522 2817 nullam
539 2779 604 2818 esse
643 2780 707 2818 ossc
745 2761 1197 2831 erfectaarseensetur‚etrelicta
1206 2775 1264 2813 una

167 2829 340 2909 indicarent3
359 2831 411 2885 aed
423 2837 567 2902 tamquam
580 2832 610 2886 in
621 2780 707 2888 iiber·
725 2782 833 2887 immac
849 2848 925 2910 cura,
943 2831 973 2886 iu
986 2847 1044 2901 qua
1056 2829 1189 2909 materiae
1208 2828 1264 2881 ele·

168 2904 255 2956 tatem
266 2915 296 2952 se
304 2899 707 2980 vmdicantescoeperuntora·
726 2901 782 2956 ctio
793 2899 943 2953 arbitrarra
951 2904 1028 2954 essct
1041 2903 1071 2952 et
1080 2914 1140 2952 sine
1149 2895 1263 2964 affectu,

168 2973 246 3020 tores
255 2983 309 3035 pro
320 2983 350 3020 se
361 2968 481 3037 quisque
491 2969 527 3022 ab
541 2968 592 3022 rllo
603 2969 707 3038 genere
725 2969 798 3024 adeo
808 2967 894 3021 utrel
903 2966 1077 3036 ineptissima
1087 2972 1117 3018 et
1125 2965 1162 3018 ab
1172 2980 1265 3018 rerum

169 3035 332 3089 desciscere
358 3044 387 3088 ct
413 3037 563 3091 arbitraria
586 3038 708 3107 quadam
726 3053 780 3090 usu
788 3033 976 3088 remotissima
986 3034 1056 3086 satis
1065 3032 1264 3102 placeret,mo-

169 3102 285 3156 dicendi
298 3103 425 3158 novitate
440 3103 589 3173 delectari,
604 3105 708 3174 quippe
727 3105 764 3158 do
790 3103 899 3156 formae
926 3099 1052 3154 artificiis
1085 3098 1264 3153 occasionem

169 3171 198 3224 in
208 3186 267 3241 qua
277 3171 340 3224 sola
348 3177 448 3240 posset
457 3172 500 3226 sui
511 3173 630 3253 quisque
645 3189 709 3228 acu·
727 3171 930 3242 praeberet·³⁰⁷
945 3169 1041 3248 itaque
1055 3167 1163 3221 factum
1176 3171 1220 3220 eet
1233 3170 1266 3217 ut

169 3239 252 3292 minis
262 3239 319 3291 vim
329 3245 473 3295 ostentare
483 3246 512 3295 et
520 3240 709 3295 inauditorum
727 3255 802 3293 nova
811 3237 886 3291 illae
900 3243 1034 3307 oquentra
1048 3244 1106 3289 non
1115 3249 1208 3287 rerum
1218 3248 1265 3285 cn·

170 3305 355 3360 artificiorum
374 3308 456 3377 copia
474 3309 646 3363 audientium
664 3308 710 3362 vel
727 3300 1265 3378 piditatemfacerenuderetsedsuipoe

171 3375 327 3444 legentium
340 3374 447 3430 animos
465 3378 594 3444 allicerc3
612 3377 709 3447 itaque
728 3376 812 3430 velut
821 3372 976 3444 aequisque
983 3370 1265 3443 cuperetapprobare

170 3450 237 3498 ante
260 3443 356 3498 omnia
377 3460 522 3498 numerum
549 3444 709 3512 oratorium,
728 3460 786 3498 non
800 3446 961 3497 causamve
986 3441 1117 3512 Denique
1133 3438 1265 3510 quoniam

170 3512 250 3565 cuiun
262 3527 386 3564 summus
393 3512 494 3567 artifex
500 3512 598 3567 Cicero
608 3513 709 3580 fuerat,
729 3511 907 3582 eloquentiae
921 3510 984 3564 laus
995 3526 1105 3579 semper
1118 3507 1146 3561 in
1157 3522 1264 3561 summo

170 3578 319 3649 aspernati
341 3585 408 3633 sunt
428 3586 571 3652 tamquam
589 3581 710 3652 aliquem
729 3581 819 3650 pretio
833 3578 936 3646 fuerat,
950 3584 1012 3632 tota
1025 3578 1075 3631 illa
1087 3573 1266 3632 industriain
1308 3600 1311 3604 ·

171 3654 274 3701 cantus
283 3648 398 3701 modum
407 3648 574 3704 uniformem
584 3649 710 3703 etmulto
730 3647 951 3702 declamationes
970 3660 1107 3700 conversa
1126 3649 1178 3710 est,
1198 3659 1265 3712 qua-

170 3716 362 3770 nsuiamfere
373 3716 711 3788 gratiaprivatumetmo-
729 3733 789 3769 rum
798 3710 1265 3785 postAsiniumPollionem‚T.La·
1321 3763 1324 3772 ,

171 3783 291 3851 lestum3
314 3783 470 3863 eademque
494 3802 581 3865 opera
598 3801 711 3854 respue·

171 3856 239 3904 runt
257 3852 385 3905 eiusdem
398 3851 543 3908 Cicercms
562 3858 651 3908 artem
663 3854 711 3907 ad·
755 3856 792 3894 ³0⁷
811 3853 868 3904 ind
877 3852 934 3902 quor
941 3851 995 3892 coeo
1008 3851 1088 3890 nutans
1102 3850 1143 3890 ruit
1155 3850 1266 3898 rignum

171 3919 330 3974 mirssbflem
341 3921 493 3989 ³¹¹¹P110re⁸
502 3921 712 3976 verborumam-
730 3901 1265 4004 lztlltltllltt‘,lllltttltllttltlt

172 3987 250 4042 bitus
259 3993 326 4057 apte
341 3993 370 4042 et
377 4005 526 4044 numerose
540 3989 675 4060 iungendi
684 3994 714 4044 ei
730 4017 818 4048 onerare
828 4004 1196 4046 sententlrsuureosvelsublevare.
1206 4004 1264 4044 Suet.

172 4055 374 4125 concludendi,
384 4057 601 4112 sedinoidentes
611 4057 713 4112 oratio-
731 4059 800 4106 cnrg.
811 4067 830 4097 c·
840 4057 873 4096 ιι·

172 4139 237 4178 nem
247 4125 315 4178 etin
325 4125 432 4178 minuta
441 4125 712 4180 frustadissecantes
755 4111 795 4202 {3}
811 4107 1039 4200 gffistsslffgipssffllu
1052 4159 1108 4210 spuo
1116 4158 1146 4198 M·
1155 4158 1204 4200 m
1215 4168 1267 4198 eon-

173 4192 380 4247 rententiosum
398 4192 511 4250 dicendi
524 4209 614 4264 genus
632 4210 713 4248 exco—
732 4210 950 4261 nominaverat.

228 4277 299 4322 Taciti
309 4279 350 4322 rol.
362 4276 378 4321 1.
1074 4279 1094 4319 D
