2958 4960
322 457 364 522 42
669 469 851 526 CORNELII
865 469 999 526 'IAOITI

1237 574 1257 604 ι.
1267 575 1288 604 ιι.
1300 566 1363 605 ros.

322 632 390 717 cipe
408 652 445 696 ae
463 631 609 715 deinceps
627 629 725 706 suere,
744 629 798 693 vix
814 628 982 712 quiequam
995 629 1117 695 firmare
1131 631 1247 696 ausim:
1265 633 1363 698 adeo

322 731 446 794 diversa
462 749 527 794 non
542 725 636 791 modo
654 724 738 809 apud
755 733 897 788 auctores
916 723 973 788 sed
989 723 1023 787 in
1038 724 1137 810 ipsius
1152 726 1361 793 orationibus

321 823 530 909 reperiuntur:
565 820 660 885 modo
691 816 857 883 subtractis
892 818 1129 884 candidatorum
1164 820 1360 887 nominibus

321 919 474 1005 originem
492 916 644 999 cuiusque
662 923 693 978 et
710 913 806 978 vitam
825 921 856 978 et
873 913 1028 998 stipendia
1045 914 1219 1000 descripsit,
1237 926 1275 979 ut
1291 918 1359 1000 qui

321 1014 425 1079 forent
446 1011 691 1097 intellegeretur;
719 1007 885 1091 aliquando
908 1030 946 1072 ea
967 1029 1092 1091 quoque
1118 1008 1357 1094 significatione

322 1106 494 1184 subtracta,
522 1103 704 1170 candidatos
726 1100 867 1166 hortatus
889 1122 930 1166 ne
952 1101 1070 1166 ambitu
1092 1102 1218 1167 comitia
1239 1103 1357 1170 turba-

321 1210 399 1278 rent,
419 1223 508 1266 suam
526 1199 567 1265 ad
583 1198 617 1264 id
634 1219 741 1262 curam
758 1195 914 1280 pollicitus
933 1206 993 1273 est3
1011 1196 1194 1281 plerumque
1207 1218 1263 1262 eos
1277 1208 1355 1262 tan-

321 1307 389 1360 tum
406 1295 490 1381 apud
508 1316 542 1358 se
558 1291 719 1379 professos
737 1291 896 1368 disseruit,
915 1313 1048 1376 quorum
1065 1292 1192 1357 nomina
1209 1293 1354 1358 consuli-

320 1390 381 1455 bus
399 1388 557 1464 edidisset,
575 1407 670 1472 posse
684 1394 715 1450 et
727 1383 805 1450 ahos
818 1385 966 1470 profiteri,
986 1386 1013 1450 si
1026 1386 1144 1472 gratim
1157 1396 1212 1452 aut
1225 1388 1349 1453 meritis

321 1481 523 1548 confiderent:
543 1479 686 1565 speciosa
702 1477 817 1556 verbis,
836 1501 870 1544 re
887 1479 992 1544 inania
1009 1490 1064 1544 aut
1081 1479 1222 1558 subdola,
1245 1502 1350 1564 quan-

320 1585 414 1659 toque
431 1574 547 1639 maiore
564 1573 715 1638 libertatis
733 1573 870 1660 imagine
883 1573 1077 1661 tegebantur,
1097 1583 1183 1640 tanto
1196 1584 1350 1660 eruptura

320 1668 361 1734 ad
378 1667 530 1733 infensius
549 1667 718 1733 servitium.
1023 1695 1025 1700 ’

725 1873 936 1884 ·--—·-·-.—-

636 2027 852 2086 CORNELII
873 2026 1028 2084 TACITI

504 2169 1160 2268 ANNALIUM

567 2349 617 2398 AB
634 2349 805 2400 EXCESSU
824 2349 905 2398 DIVI
923 2348 1090 2401 AUGUSTI

632 2504 767 2559 LIBER
785 2503 1031 2562 SECUNDUS.

736 2661 919 2702 snuvlnmuu.

372 2744 439 2814 Cap.
450 2744 473 2797 1.
484 2742 569 2797 Initia
578 2742 649 2796 belli
657 2743 791 2798 ParthIci.
809 2745 956 2815 Phraates,
968 2745 1096 2802 Venonis
1105 2750 1195 2816 pater.
1213 2747 1238 2800 2.
1248 2745 1348 2802 Vono-

320 2839 371 2877 nes
381 2820 567 2891 popularibus
577 2819 694 2875 inrisus.
711 2821 736 2874 3.
746 2822 783 2876 ab
793 2819 940 2877 Artabano
950 2823 1060 2893 pulsus,
1074 2823 1112 2877 ad
1120 2821 1270 2878 Armnios
1279 2841 1349 2894 pro-

319 2899 416 2970 fugus.
435 2897 639 2953 4.inArmenia
647 2899 766 2953 mutatio
776 2916 882 2970 regum.
900 2900 925 2953 5.
932 2899 1349 2956 Germanicusinvidia'I'iberii

319 2981 469 3031 revocatus
477 2976 633 3044 Germanos
644 2976 795 3032 confestim
804 2976 922 3048 aggredi
930 2982 1022 3047 parat.
1040 2977 1251 3032 salaminius.
1269 2977 1347 3034 Rhe·

320 3073 382 3108 nus.
401 3054 425 3107 7.
435 3053 591 3124 irruptioin
602 3051 728 3109 Chattos.
747 3071 797 3109 ara
809 3053 897 3108 Drusi
905 3053 1045 3108 restituta.
1066 3053 1092 3108 8.
1106 3053 1346 3110 fossaDrusiana.

320 3131 436 3186 Amisia.
468 3131 497 3186 in
511 3133 633 3188 rebelles
646 3131 831 3204 Angrivarios
849 3132 1083 3187 animadversum.
1110 3134 1135 3187 9.
1147 3132 1267 3187 Arminii
1282 3151 1347 3189 cum

316 3211 408 3278 ,fratre
420 3211 600 3282 colloquium.
622 3212 663 3265 10.
673 3212 739 3266 inde
749 3211 792 3266 ira
801 3217 830 3266 ct
838 3211 967 3282 iurgium.
993 3211 1034 3265 11.
1044 3211 1187 3282 Visurgim
1195 3217 1348 3267 transeunt

320 3289 448 3343 Romani.
474 3288 648 3343 Batavorum
657 3289 816 3344 discrimen.
844 3287 1034 3343 Chariovalda
1044 3305 1152 3343 caesus.
1174 3289 1216 3342 12.
1227 3288 1347 3344 Germa-

320 3365 401 3419 nicus
411 3364 529 3418 militum
538 3365 648 3419 animos
658 3367 794 3436 explorat
821 3365 863 3419 13.
878 3365 1035 3436 bansfugis
1052 3365 1207 3436 praemium
1221 3383 1346 3436 pronun·

319 3441 420 3495 tiatum
430 3457 447 3494 a
459 3440 616 3510 Germanis,
631 3459 696 3495 mox
710 3442 811 3496 castris
820 3443 956 3497 Romanis
970 3443 1151 3498 adsultatum.
1170 3441 1264 3497 14.1s.
1275 3443 1347 3499 Ger-

319 3515 423 3570 manici
432 3516 569 3570 somnium
578 3518 691 3572 laetum.
710 3515 1346 3576 eiusetArminiiorationesadsuos.16.locus

319 3611 443 3666 pugnae,
455 3609 569 3663 campus
575 3593 737 3649 Idistaviso.
756 3595 880 3650 acierum
889 3596 1046 3651 instructio.
1061 3596 1233 3651 ltfsustum
1241 3597 1346 3652 Roma-

319 3671 364 3728 nis
375 3671 530 3744 augurium.
548 3671 827 3744 fugaGermanorum
837 3679 866 3727 et
875 3674 980 3728 clades.
1007 3673 1346 3743 18.tropaeumpositnm.

320 3753 362 3806 19.
377 3768 433 3823 quo
444 3751 584 3806 dedecore
600 3765 722 3804 accensa
731 3765 803 3820 gens
812 3750 918 3804 bellum
931 3750 1055 3805 resumit.
1072 3751 1114 3804 20.
1124 3751 1227 3806 acriter
1234 3767 1346 3822 pugna·

319 3836 389 3884 tum.
415 3829 458 3884 21.
472 3827 589 3882 vincunt
604 3827 719 3882 tandem
731 3826 862 3895 Romani,
881 3844 1051 3898 quamquam
1064 3827 1198 3898 ambiguo
1217 3827 1347 3898 equitum

320 3906 438 3978 proelio.
465 3906 507 3960 22.
516 3909 727 3959 monumentum
736 3903 872 3958 ettitulus
881 3921 974 3958 rerum
982 3903 1158 3975 magnificus.
1184 3903 1226 3958 23.
1239 3903 1346 3958 milites

321 3984 412 4039 classe
421 3981 535 4038 revecti.
562 3981 604 4036 at
618 3998 653 4036 ex
662 3984 831 4052 tempestate
841 3980 988 4034 calamitas
998 3986 1126 4051 etpaene
1136 3979 1259 4036 exitium.
1287 3981 1346 4034 col-

318 4060 388 4115 lecti
396 4058 536 4130 naufragi.
554 4059 656 4114 25.hac
665 4058 780 4113 fortuna
790 4063 900 4112 erectos
910 4057 1168 4114 denquermanos
1177 4057 1347 4129 aggreditur

271 4177 274 4186 .
321 4136 506 4191 Germanicus
521 4137 679 4208 caeditque.
698 4135 780 4189 simul
793 4135 916 4206 aquilam
930 4133 1084 4191 Varianam
1097 4133 1206 4204 recipit.
1232 4134 1275 4188 26.
1285 4139 1346 4188 tum

319 4229 370 4283 per
383 4210 517 4266 invidiam
526 4217 702 4267 revocatura
711 4212 835 4267 Tiberio.
856 4212 899 4268 27.
909 4211 983 4266 Libo
992 4212 1103 4266 Drusus
1117 4212 1154 4266 ab
1164 4210 1256 4266 amico
1267 4207 1362 4266 dela·
