2958 4960
326 421 367 486 74
677 426 860 484 CORNELII
874 424 1003 482 TAClTl

1243 525 1297 554 au.
1309 517 1360 554 772.

325 591 422 674 yitam
439 588 577 676 pessima
594 595 692 651 morte
710 584 851 648 finierim.
875 583 902 648 si
920 605 999 667 quos
1019 605 1091 669 spes
1110 605 1208 660 meae,
1228 584 1257 648 ai
1275 605 1361 666 quos

273 707 275 714 ·
325 683 519 769 propinquus
533 680 672 766 sanguis,
691 679 785 744 etiam
799 700 878 761 quos
896 678 1014 742 invidia
1026 701 1102 762 erga
1115 677 1274 742 viventem
1289 700 1363 742 mo-

326 778 433 856 vebat,
456 774 694 842 inlacrimabunt
715 774 874 857 quondam
896 772 1057 838 florentem
1080 781 1112 837 et
1133 782 1179 836 tot
1201 772 1361 838 bellorum

327 871 526 958 superstitem
538 868 682 933 muliebri
695 866 805 931 fraude
819 866 979 932 cecidisse.
1003 867 1060 931 erit
1074 866 1163 931 vobis
1176 867 1267 932 loeus
1281 889 1363 951 que-

326 965 415 1032 rendi
428 964 512 1051 apud
526 972 678 1038 senatum,
697 960 863 1026 invocandi
875 961 977 1046 leges:
996 983 1059 1026 non
1077 960 1137 1027 hoc
1150 962 1359 1046 praecipuum

327 1060 498 1126 amicorum
515 1079 629 1121 munus
648 1065 709 1133 est,
732 1055 879 1140 prosequi
897 1055 1080 1120 defunctum
1097 1055 1212 1140 ignavo
1230 1065 1360 1138 questu,

328 1155 384 1220 sed
410 1173 490 1237 quae
516 1151 648 1217 voluerit
669 1150 863 1227 meminisse,
890 1161 971 1232 quae
993 1150 1187 1216 mandaverit
1210 1150 1360 1233 exsequi3

327 1245 446 1314 fleb'unt
467 1243 690 1312 Germanicum
709 1244 802 1310 etiam
819 1243 933 1330 ignoti:
952 1243 1149 1310 vindicabitis
1168 1266 1241 1321 vos,
1262 1243 1292 1309 si
1309 1266 1361 1308 me

327 1341 544 1427 potiusquam
566 1339 725 1404 fortunam
746 1361 849 1404 meam
871 1337 1037 1403 fovebatis.
1064 1339 1219 1404 ostendite
1240 1339 1360 1424 populo

327 1436 471 1500 Romano
486 1434 551 1498 divi
559 1431 700 1519 Augusti
714 1441 840 1517 neptem
854 1433 1047 1515 eandemque
1057 1433 1224 1518 coniugem
1239 1455 1359 1510 meam3

327 1538 488 1592 numerate
506 1549 563 1592 sex
579 1525 708 1592 liberos:
727 1527 940 1594 misericordia
957 1549 1029 1591 cum
1047 1526 1271 1592 accusantibus
1290 1527 1358 1602 erit,

327 1621 580 1707 fingentibusque
599 1621 731 1688 scelesta
748 1621 895 1686 mandata
912 1631 966 1686 aut
987 1643 1051 1686 non
1069 1621 1196 1686 credent
1213 1619 1359 1684 homines

328 1725 466 1780 autnon
491 1715 689 1801 ignoscent.“
720 1715 870 1780 Iuravere
894 1714 1000 1790 amici,
1027 1715 1169 1780 dextram
1195 1715 1359 1781 morientis

328 1810 558 1896 contingentes,
578 1809 721 1895 spiritum
739 1819 811 1874 ante
829 1831 925 1892 quam
941 1809 1092 1874 ultionem
1110 1809 1295 1874 amissuros.

279 1927 308 1974 ta
392 1903 475 1968 Tum
494 1905 536 1968 ad
552 1925 683 1968 uxorem
701 1925 810 1968 versus
829 1925 885 1988 per
907 1903 1089 1968 memoriam
1112 1903 1175 1979 sui,
1198 1925 1257 1988 per
1274 1924 1361 1968 oom-

328 2021 438 2064 munes
457 1998 571 2064 liberos
589 1998 702 2063 oravit:
722 2007 850 2062 exueret
867 1997 1025 2074 ferociam,
1046 1998 1196 2062 saevienti
1215 1995 1360 2061 fortunae

329 2094 535 2160 summitteret
557 2093 695 2158 animum
712 2115 775 2157 neu
797 2114 941 2178 regressa
962 2092 995 2155 in
1016 2092 1126 2174 urbem
1149 2091 1360 2156 aemulatione

328 2188 485 2275 potentiae
507 2187 672 2252 validiores
695 2187 848 2263 inritaret3
871 2186 949 2252 haee
970 2186 1074 2271 palam
1096 2195 1127 2250 et
1144 2186 1207 2250 alia
1228 2195 1359 2274 secreto,

328 2305 385 2367 per
402 2304 483 2365 quae
502 2282 666 2346 ostendere
690 2280 874 2346 credebatur
895 2289 1014 2344 metum
1032 2303 1074 2344 ex
1091 2279 1228 2346 Tiberio.
1255 2301 1361 2364 neque

329 2374 428 2440 multo
453 2385 526 2461 post
552 2376 757 2462 extinguitur,
784 2375 904 2460 ingenti
929 2373 1014 2438 luctu
1041 2374 1220 2459 provinciae
1247 2384 1278 2439 et
1301 2373 1360 2439 cir-

330 2470 570 2535 cumiacentium
592 2470 794 2555 populorum3
817 2469 977 2534 indoluere
1000 2479 1125 2534 exterae
1145 2469 1289 2534 nationes
1312 2491 1362 2532 re-

329 2586 463 2650 gesque:
482 2573 568 2628 tanta
581 2564 625 2627 illi
640 2563 769 2630 comitas
782 2563 816 2626 in
834 2564 947 2640 socios,
966 2563 1173 2630 mansuetudo
1187 2563 1220 2626 in
1237 2562 1361 2639 bostes3

331 2657 464 2740 visuque
483 2667 514 2720 et
531 2657 640 2722 auditu
658 2658 745 2722 iuxta
758 2657 955 2736 venerabilis,
974 2679 1046 2722 eum
1064 2657 1313 2742 magnitudinem
1331 2666 1363 2720 et

330 2751 517 2836 gravitatem
540 2774 680 2817 summae
699 2750 843 2816 fortunae
865 2752 1025 2829 retineret,
1047 2751 1198 2815 invidiam
1220 2760 1252 2815 et
1270 2751 1364 2814 adro-

269 2923 271 2930 ·
331 2845 471 2932 gantiam
489 2845 653 2932 effugerat.

283 2962 312 3007 73
394 2939 505 3005 Funus
528 2941 595 3006 sine
617 2939 807 3027 imaginibus
829 2950 861 3005 et
882 2962 998 3026 pompa
1019 2961 1075 3025 per
1100 2939 1209 3004 laudes
1236 2960 1274 3002 ao
1296 2961 1363 3004 me·

332 3035 463 3100 moriam
480 3034 630 3100 virtutum
653 3036 721 3101 eius
740 3035 863 3101 celebre
879 3036 952 3113 fuit3
976 3045 1007 3100 et
1030 3043 1118 3099 erant
1139 3034 1194 3117 qni
1216 3033 1362 3110 formam,

332 3139 479 3206 aetatem,
503 3152 603 3215 genus
622 3130 744 3207 mortis,
769 3130 810 3194 eb
827 3129 1091 3215 propinquitatem
1109 3128 1203 3192 etiam
1221 3127 1362 3192 locorum

332 3224 364 3287 in
377 3223 491 3307 quibus
505 3224 629 3302 interiit,
648 3226 756 3311 magni
769 3224 943 3290 Alexandri
957 3224 1030 3288 fatis
1045 3225 1269 3306 adaequarent:
1288 3245 1363 3288 nam

333 3328 499 3401 utrumque
521 3341 650 3404 corpore
673 3320 801 3398 decoro,
828 3342 942 3406 genere
963 3319 1093 3405 insigni,
1120 3318 1206 3384 haud
1228 3317 1363 3382 multum

333 3410 460 3496 triginta
486 3433 583 3475 annos
611 3435 788 3498 egressum,
817 3437 944 3478 suorum
969 3415 1092 3479 insidiis
1116 3423 1260 3478 externas
1283 3413 1364 3478 inter

334 3513 443 3590 gentes
461 3504 627 3570 occidisse:
651 3507 707 3571 sed
724 3507 808 3572 huno
825 3507 933 3572 mitem
951 3531 1027 3594 erga
1049 3509 1180 3584 amicos,
1204 3507 1364 3572 modicum

334 3597 542 3682 voluptatum,
566 3622 629 3664 uno
647 3601 858 3679 matrimonio,
883 3603 975 3667 certis
993 3602 1100 3667 liberis
1119 3603 1237 3688 egisse,
1260 3623 1363 3684 neque

335 3692 437 3757 minus
454 3693 682 3778 proeliatorem,
702 3695 824 3760 etiamsi
842 3697 999 3761 temeritas
1017 3696 1131 3762 afuerit
1147 3695 1365 3782 praepeditus-

334 3809 396 3871 que
414 3786 455 3852 sit
472 3788 631 3872 perculsas
646 3798 691 3854 tot
708 3790 845 3855 victoriis
861 3789 1047 3856 Germanias
1062 3790 1188 3856 servitio
1206 3811 1378 3876 premere3·

335 3882 420 3965 quod
438 3882 465 3946 si
483 3882 568 3948 solus
587 3882 702 3949 arbiter
718 3906 835 3962 rerum,
860 3885 887 3950 si
903 3885 971 3950 iure
989 3896 1021 3950 et
1036 3886 1162 3950 nomine
1179 3885 1268 3970 regio
1286 3884 1364 3949 fuis-

336 3985 397 4054 set,
416 3989 503 4042 tanto
520 3978 694 4065 promptius
713 3978 934 4044 adsecuturum
952 3980 1084 4066 gloriam
1101 3979 1242 4056 militiae,
1266 4001 1365 4062 quan-

336 4079 403 4134 tum
421 4071 597 4149 clementia,
616 4074 834 4159 temperantia,
858 4073 968 4139 ceteris
986 4072 1077 4139 bonis
1096 4073 1214 4139 artibus
1233 4072 1365 4159 praesti-

336 4164 435 4229 tisset.
462 4188 574 4250 corpus
594 4178 761 4252 antequam
779 4177 967 4234 cremaretur
989 4170 1140 4234 nudatum
1158 4168 1191 4232 in
1208 4166 1278 4233 foro
1297 4165 1364 4230 An·
