3020 4958
431 429 639 491 ANNALIUM
658 431 732 486 LIB.
747 431 811 489 XV.
829 433 915 487 3-7.
1122 422 1184 488 287

152 539 176 578 ρ.
187 526 229 567 cn.
240 527 274 566 aa.

151 605 242 660 certa
268 592 452 668 distantem,
479 589 545 654 adit
566 611 674 676 regem
696 599 727 654 et
749 589 896 654 mandata
918 590 1063 655 ferociter
1080 592 1185 657 edidit.

151 687 313 774 Vologesi
330 696 421 751 vetus
444 694 476 749 et
497 684 621 770 penitus
639 683 771 748 infixum
789 693 855 748 erat
873 707 960 748 arma
976 685 1120 750 Romana
1141 687 1188 750 ri-

151 783 258 860 tandi3
277 803 337 846 nec
354 780 532 865 praesentia
549 801 697 864 prospere
710 777 862 844 fluebant:
881 779 1001 843 irritum
1015 779 1186 859 obsidium3

152 887 243 942 tutus
262 898 361 939 manu
379 884 410 938 et
427 873 524 958 copiis
544 872 698 958 Tigranes
704 897 713 951 ;
732 872 833 960 fugati
851 874 906 957 qui
923 875 1188 961 expugnationem

153 979 372 1056 sumpserant3
400 969 516 1034 missae
538 968 571 1031 in
587 967 774 1032 Armeniam
795 968 949 1054 legiones,
978 981 1009 1034 et
1030 970 1109 1035 aliae
1130 991 1188 1054 pro

156 1064 254 1151 Syria
271 1074 400 1149 paratae
413 1063 495 1127 ultro
508 1062 694 1147 irrumpere3
714 1061 775 1126 sibi
787 1062 967 1128 inbecillum¹
982 1064 1120 1148 equitem
1132 1086 1188 1149 pa-

154 1159 223 1224 buli
246 1158 368 1243 inopia3
395 1181 468 1221 nam
490 1165 599 1221 exorta
620 1157 669 1221 vis
691 1156 883 1222 locustarum
905 1157 1080 1224 ambederat
1098 1158 1188 1241 quid-

153 1253 235 1337 quid
243 1250 410 1316 herbidum
420 1260 473 1315 aut
487 1250 685 1316 frondosum:
703 1250 800 1336 'igitur'
808 1261 894 1316 metu
907 1251 1052 1318 abstruso
1064 1253 1188 1317 mitiora

155 1348 348 1425 obtendens,
376 1345 546 1411 missurum
570 1347 610 1410 ad
627 1346 847 1431 imperatorem
865 1346 1044 1411 Romanurn
1065 1348 1187 1434 legatos

156 1465 253 1528 super
270 1440 407 1527 petenda
423 1439 577 1504 Armenia
594 1449 625 1504 et
642 1439 795 1504 firmanda
816 1461 893 1525 pace
911 1442 1079 1526 respondet
1084 1467 1093 1520 ;
1115 1441 1188 1508 Mo-

155 1559 256 1602 nesen
274 1535 416 1600 omittere
434 1534 692 1620 Tigranocertam
709 1533 805 1612 iubet,
824 1535 891 1620 ipse
909 1546 991 1600 retro
1010 1535 1160 1602 concedit.

221 1631 316 1696 Haec
341 1631 447 1715 plures
469 1639 504 1694 ut
525 1629 692 1695 formidine
718 1629 801 1715 regis
825 1639 856 1694 et
879 1628 1067 1696 Corbulonis
1094 1631 1186 1696 minis
1206 1647 1221 1695 6

155 1736 281 1813 patrata
302 1747 340 1790 ac
366 1724 535 1811 magnifica
561 1719 766 1801 extollebant3
797 1723 849 1788 alii
880 1724 1001 1788 occulte
1026 1725 1186 1811 pepigisse

155 1817 451 1906 interpretabantur,
470 1827 505 1882 ut
522 1817 640 1882 omisso
657 1815 814 1900 utrimque
833 1817 914 1882 bello
932 1827 963 1881 et
977 1817 1111 1882 abeunte
1121 1818 1188 1883 Vo-

155 1915 267 2002 logese
290 1913 445 2000 Tigranes
472 1934 597 1996 quoque
618 1911 773 1976 Armenia
799 1911 994 1976 abscederet:
1022 1935 1079 1976 cur
1104 1913 1186 1976 enim

156 2008 331 2074 exercitum
348 2008 528 2073 Romanum
549 2030 569 2071 a
586 2006 819 2092 Tigranocertis
842 2006 1031 2070 deductum?
1057 2029 1112 2071 cur
1134 2006 1188 2070 de-

158 2111 242 2168 serta
258 2124 318 2187 per
333 2101 432 2166 otium
450 2099 630 2185 quaebello
648 2099 873 2164 defenderant?
895 2121 934 2163 an
953 2098 1066 2164 melius
1084 2098 1188 2164 hiber-

156 2196 282 2261 navisse
304 2195 338 2258 in
360 2207 500 2260 extrema
523 2192 741 2279 Cappadocia,
768 2192 883 2278 raptim
909 2193 1020 2257 erectis
1043 2191 1186 2280 tugrniia

157 2313 253 2374 quam
270 2289 305 2353 in
322 2289 397 2354 sede
414 2289 504 2374 regni
521 2288 615 2353 modo
632 2288 762 2352 retenti?
779 2287 875 2352 dilata
892 2308 1020 2373 prorsus
1039 2310 1135 2363 arma,
1153 2297 1189 2351 ut

158 2383 335 2470 Vologeses
350 2405 422 2448 oum
436 2383 496 2447 alio
510 2405 605 2466 quam
619 2405 690 2446 cum
698 2377 877 2446 Corbulone
892 2390 1032 2459 certaret,
1049 2379 1188 2446 Corbulo

158 2479 287 2543 meritae
310 2485 356 2542 tot
368 2499 425 2563 per
442 2499 540 2542 annos
555 2477 672 2564 gloriae
689 2499 752 2541 non
770 2477 852 2541 ultra
868 2476 1043 2562 periculum
1060 2477 1187 2544 faceret.

157 2589 246 2649 nam,
269 2581 305 2636 ut
321 2571 427 2649 retuli,
450 2570 610 2656 proprium
628 2571 743 2635 ducem
759 2571 896 2636 tuendae
905 2569 1076 2636 Armeniae
1089 2593 1188 2657 popo-

157 2675 270 2743 scerat,
289 2674 322 2729 et
335 2665 502 2729 adventare
513 2662 709 2729 Caesennius
719 2664 836 2730 Paetus
851 2664 1044 2731 audiebatur.
1062 2666 1188 2750 iamque

157 2760 276 2836 aderat,
300 2758 398 2844 copiis
416 2759 461 2823 ita
482 2758 591 2823 divisis
610 2767 645 2822 ut
666 2769 777 2842 quarta
795 2769 826 2824 et
844 2759 1031 2824 duodecima
1046 2759 1188 2845 legiones

157 2855 267 2920 addita
279 2853 397 2936 quinta,
417 2875 497 2937 quae
510 2875 619 2918 recens
633 2853 782 2919 eMoesis
797 2854 899 2917 excita
912 2863 987 2930 crat,
1003 2854 1096 2917 simul
1104 2853 1190 2918 Pon-

157 2950 221 3014 tica
230 2957 262 3012 at
271 2945 455 3014 Galatarum
465 2946 754 3033 Cappadocumque
763 2946 880 3012 auxilia
887 2945 987 3010 Paeto
997 2945 1188 3024 oboedirent,

157 3042 250 3107 tertia
268 3050 406 3106 etsexta
427 3051 458 3107 et
479 3042 613 3106 decuma
634 3041 776 3128 legiones
798 3040 945 3126 priorque
965 3037 1077 3124 Syriae
1099 3039 1188 3102 miles

157 3136 245 3222 apud
255 3133 468 3202 Corbulonem
485 3146 656 3214 manerent,
675 3145 779 3201 cetera
792 3157 831 3198 ex
844 3156 949 3198 rerum
962 3155 1024 3197 usu
1036 3131 1191 3196 sociarent

157 3231 395 3317 partirenturve.
416 3231 472 3295 sed
480 3251 582 3314 neque
594 3227 733 3296 Corbulo
747 3228 862 3294 aemuli
870 3228 1002 3313 patiens,
1022 3237 1053 3292 ot
1061 3225 1188 3304 Paetus,

158 3325 212 3390 cui
233 3323 309 3388 satis
327 3323 368 3388 ad
385 3323 518 3410 gloriam
535 3334 602 3389 erat
619 3325 647 3388 si
663 3323 825 3409 proximus
843 3321 1019 3402 haberetur,
1039 3321 1191 3408 despicie-

159 3417 214 3482 bat
226 3425 327 3503 gesta,
345 3417 423 3481 nihil
436 3418 540 3483 caedis
551 3427 604 3482 aut
618 3417 762 3503 praedae,
778 3427 944 3504 usurpatas
959 3417 1085 3482 nomine
1099 3427 1190 3482 tenus

159 3509 286 3576 urbium
312 3512 561 3598 expugnationes
591 3512 751 3578 dictitans:
784 3535 817 3579 se
849 3513 965 3579 tributa
987 3535 1024 3579 ac
1050 3513 1137 3599 leges
1161 3521 1191 3576 et

159 3627 218 3691 pro
240 3603 353 3670 umbra
368 3607 648 3693 regis-Romanum
667 3607 716 3672 ius
735 3608 826 3674 victis
843 3608 1074 3693 impositurum.
1146 3645 1148 3650 ·

227 3697 297 3766 Sub
313 3700 398 3765 idem
415 3710 539 3787 tempus
557 3701 653 3786 legati
662 3700 841 3787 Vologesis,
861 3723 941 3782 quos
960 3701 1001 3765 ad
1017 3699 1191 3784 principem
1210 3710 1224 3754 7

160 3793 276 3859 missos
303 3789 488 3873 memoravi,
515 3806 669 3860 revertere
696 3795 794 3873 inriti,
822 3794 1003 3876 bellumque
1028 3790 1191 3877 propalam
1246 3833 1249 3838 -

161 3899 323 3974 sumptum
344 3913 364 3954 a
380 3888 518 3956 Parthis.
545 3912 604 3955 nec
621 3890 740 3954 Paetus
765 3887 961 3963 detrectavit,
990 3886 1046 3950 sed
1067 3883 1190 3948 duabus

160 3982 353 4068 legionibus,
377 4005 510 4068 quarum
531 3994 674 4068 quartam
691 3981 907 4046 Funisulanus
926 3977 1135 4044 Vettonianus
1154 3999 1191 4043 eo

160 4076 195 4140 in
212 4085 362 4161 tempore,
381 4079 610 4143 duodecumam
625 4075 775 4142 Calavius
791 4073 931 4140 Sabinus
949 4072 1110 4160 regebant,
1128 4070 1192 4138 Ar-

161 4170 299 4236 meniam
316 4171 423 4252 intrat,
443 4173 523 4240 tristi
541 4172 659 4249 omine3
682 4194 757 4235 nam
774 4170 808 4236 in
825 4178 1027 4256 transgressu
1044 4168 1190 4255 Euphra-
