2958 4960
387 460 885 520 ANNAHUMLfflEffl-ssd·
1109 449 1154 516 59

112 556 230 608 acme

110 625 253 702 deliciet3
273 644 333 688 nec
351 643 430 687 sane
447 620 521 685 ideo
538 643 560 684 a
578 618 751 684 maioribus
768 639 955 682 conoessnm
975 628 1026 684 ert
1045 621 1154 706 egredi

110 719 285 804 aliquando
306 716 497 804 relationem
514 722 547 778 et
563 713 650 796 qnod
670 713 705 776 in
721 734 888 776 commuue
909 713 1064 778 conducat
1084 715 1154 779 loco

110 812 288 879 sententiae
313 809 474 896 proferre,
501 817 537 871 nt
557 807 682 892 privata
706 807 835 892 negotia
855 817 889 870 ct
907 829 960 870 res
985 807 1155 873 samil'mres

109 916 237 973 nostras
257 905 310 969 hic
332 923 510 991 augeamus
529 923 602 965 cum
623 901 744 965 invidia
764 911 894 965 senatus
915 911 948 964 et
967 902 1155 988 principum,

109 1002 176 1066 sive
207 998 402 1065 indulserint
427 995 641 1082 largitionem,
675 995 744 1058 sire
772 993 953 1072 abnuerint3
982 999 1156 1062 nonenim

109 1117 223 1182 preces
244 1103 320 1159 sunt
335 1093 425 1158 istud
443 1091 502 1156 sed
518 1089 719 1175 efflagitatio,
740 1089 962 1184 intempestiva
978 1092 1107 1174 quidem
1123 1103 1157 1157 et

109 1189 288 1274 inprovisa,
309 1208 384 1252 eum
402 1185 473 1250 aliis
490 1183 531 1248 de
547 1183 643 1247 rebus
661 1183 865 1248 convenerint
880 1199 1001 1268 patres,
1024 1207 1155 1250 consur.

111 1305 185 1369 gere
205 1293 240 1347 et
260 1301 396 1346 numero
414 1287 509 1362 atque
526 1287 629 1342 acute
644 1276 780 1341 liberum
801 1299 931 1341 suorum
951 1301 1065 1365 urgere
1086 1302 1155 1343 mo-

111 1379 250 1443 destiam
267 1385 414 1452 senatus,
433 1374 567 1438 eandem
583 1373 650 1436 vim
666 1372 701 1436 in
716 1394 769 1437 me
786 1374 995 1438 tramittere
1011 1395 1051 1438 ac
1066 1373 1154 1438 velut

111 1472 313 1558 perfringere
340 1469 511 1545 aerarium,
540 1467 628 1551 quod
653 1467 682 1531 si
707 1465 876 1532 ambitione
902 1468 1152 1546 exbansmimus,

112 1588 167 1650 per
189 1565 315 1631 scelera
337 1562 551 1649 supplendum
576 1561 644 1625 erit.
675 1561 763 1624 dedit
787 1559 858 1638 tibi,
884 1561 1031 1639 Hortale,
1057 1563 1151 1628 divus

113 1660 285 1746 Augustus
308 1657 492 1742 pecuniam,
513 1656 573 1720 aed
594 1676 659 1719 non
679 1655 873 1740 conpelletur
895 1678 954 1722 nec
971 1679 1011 1721 ea
1026 1657 1098 1743 lege
1114 1667 1152 1720 nt

114 1775 240 1839 semper
261 1753 406 1827 daretnr3
432 1750 616 1836 languescet
637 1749 756 1832 alioqui
779 1750 947 1828 industria,
973 1751 1153 1816 intendetur

113 1849 276 1924 socordia,
294 1845 322 1910 ai
339 1844 446 1909 nullus
464 1865 556 1909 exse
573 1853 676 1908 metus
693 1854 750 1907 aut
766 1866 854 1929 spcs3
872 1855 904 1909 et
921 1846 1024 1910 securi
1041 1867 1151 1910 omnes

114 1942 217 2007 aliena
239 1939 386 2006 subsidia
407 1937 631 2023 expectabunt,
659 1937 721 2003 sibi
740 1939 864 2024 ignati,
890 1938 983 2002 nobis
1004 1945 1150 2024 graves.“

114 2035 192 2102 haec
210 2047 309 2120 atque
327 2033 418 2110 talia,
445 2054 636 2116 quamquam
657 2055 731 2096 cnm
753 2033 892 2098 adsensu
912 2032 1021 2095 audita
1045 2031 1087 2095 ab
1112 2031 1151 2095 iis

116 2130 231 2212 quibus
255 2127 364 2193 omnia
385 2126 575 2212 principum,
592 2126 736 2191 bonestn
760 2135 856 2208 atque
876 2125 1057 2202 inhonesta,
1084 2123 1152 2188 lan-

116 2223 189 2289 dere
211 2246 285 2290 mos
303 2230 367 2297 est,
390 2219 497 2305 plures
514 2241 571 2304 per
587 2220 746 2284 silentium
763 2231 818 2284 aut
835 2219 993 2284 occultum
1010 2239 1152 2284 murmur

118 2339 285 2403 excepere,
309 2315 471 2397 sensitque
488 2313 650 2391 Tiberium
674 2324 796 2379 etcum
816 2314 948 2400 paulum
964 2313 1149 2390 reticuisset,

118 2411 251 2478 Hortalo
271 2433 306 2476 se
323 2410 525 2495 respondisse
542 2411 601 2488 ait3
622 2419 762 2475 ceterum
779 2411 807 2474 si
823 2409 965 2496 patribus
981 2411 1149 2488 videretur,

119 2507 265 2572 daturum
290 2503 398 2569 liberis
421 2505 489 2569 eius
510 2506 633 2570 ducena
653 2505 797 2570 sestertia
822 2505 956 2592 singulis
977 2505 1032 2589 qui
1053 2527 1149 2570 sexus

119 2599 214 2665 virilis
232 2607 351 2664 essent
374 2620 467 2684 egere
484 2598 537 2662 alii
553 2607 673 2684 grates:
692 2599 777 2663 siluit
793 2599 957 2677 Hortalus,
974 2621 1090 2685 pavore
1108 2621 1149 2664 an

120 2693 219 2758 eritne
241 2692 416 2758 nobilitatis
438 2692 533 2757 etiam
549 2693 631 2757 inter
651 2695 814 2778 angustias
835 2694 1148 2771 fortunae·rctinens;

120 2809 221 2871 neque
247 2787 417 2850 miseratus
445 2795 493 2850 est
518 2787 651 2872 posthac
676 2787 837 2865 Tiberius,
865 2789 1009 2872 quamvis
1035 2789 1148 2852 domus

121 2879 284 2946 Hortensii
301 2880 482 2965 pudendam
499 2881 541 2946 ad
556 2881 696 2966 inopiam
712 2881 918 2947 delaberetur.

182 2974 310 3040 Eodem
328 2995 410 3038 anno
431 2975 579 3060 mancipii
600 2975 694 3040 unius
716 2977 862 3052 andacia,
884 2977 918 3040 ni
934 2985 1057 3039 mature
1075 2974 1150 3039 snb-
1167 2993 1200 3041 ss

121 3077 249 3133 ventum
267 3068 363 3150 feret,
386 3067 550 3134 discordiis
568 3069 726 3153 armisque
744 3069 889 3133 civilibus
906 3067 1150 3153 rempublicam

122 3161 316 3245 perculisset
342 3161 488 3226 Postumi
504 3161 669 3248 Agrippae
691 3185 817 3240 servus,
840 3162 966 3226 nomine
989 3160 1148 3238 Clemens,

123 3266 270 3342 conperto
295 3255 359 3320 fine
380 3254 522 3342 Augusti
545 3280 678 3343 pergere
698 3259 733 3322 in
753 3257 890 3322 insulam
911 3256 1094 3321 Planasiam
1119 3266 1151 3322 et

123 3349 230 3416 fiaude
254 3359 310 3415 aut
330 3350 363 3415 vi
383 3361 507 3436 raptum
525 3351 704 3438 Agrippam
724 3353 807 3418 ferre
828 3354 870 3417 ad
892 3352 1046 3418 exercitus
1069 3349 1150 3418 Ger-

123 3445 261 3510 manicos
283 3466 347 3508 non
370 3445 474 3510 servili
495 3446 600 3510 animo
622 3448 778 3532 concepit3
806 3469 883 3512 ausa
909 3447 977 3512 eius
998 3447 1150 3534 inpedivit

124 3539 252 3604 tarditas
274 3538 434 3605 onerariae
455 3541 560 3618 navis3
588 3549 682 3622 atque
703 3541 828 3606 interim
848 3553 972 3627 patrata
992 3543 1087 3607 caede
1109 3542 1150 3607 ad

124 3634 239 3699 maiora
249 3642 281 3697 et
289 3632 391 3719 magis
399 3633 582 3719 praecipitia
590 3656 759 3715 conversus
769 3635 890 3701 furatur
898 3637 1017 3702 cineres
1026 3645 1150 3701 vectus-

124 3749 182 3809 que
196 3727 328 3804 Cosam,
345 3726 491 3793 Etruriae
507 3731 765 3814 promontorium,
783 3732 899 3817 ignotis
912 3731 991 3795 locis
1011 3751 1081 3794 sese
1094 3729 1151 3794 ab·

124 3821 179 3900 dit,
202 3821 306 3886 donec
323 3821 441 3886 crinem
458 3822 651 3906 barbamque
672 3825 878 3910 promitterct3
899 3847 974 3887 nam
996 3831 1097 3888 aetate
1119 3832 1151 3888 et

124 3914 222 3980 forma
240 3915 327 3980 haud
348 3916 493 3981 dissimili
515 3917 548 3980 in
565 3918 726 3983 dominum
748 3928 824 3984 erat.
853 3929 920 3983 tum
942 3917 1149 4003 peridoneus

124 4018 152 4073 et
167 4009 282 4075 'secreti
301 4009 370 4074 eius
389 4011 489 4077 socios
507 4011 675 4077 crebrescit
691 4014 796 4078 vivere
814 4013 1001 4100 Agrippam,
1021 4011 1149 4078 occultis

124 4105 257 4188 primum
281 4104 490 4183 sermonibus,
514 4114 550 4170 ut
570 4106 668 4171 vetita
690 4106 804 4184 solent,
826 4129 901 4188 mox
923 4129 1006 4193 vago
1026 4129 1150 4174 rumore

125 4200 205 4282 apud
232 4196 448 4283 inperitissimi
474 4200 626 4283 cuiusque
653 4209 813 4285 promptas
837 4224 928 4267 aures
951 4211 1005 4268 aut
1025 4225 1150 4268 rursum
