2960 4962
293 831 323 878 ot

345 451 407 516 110
693 455 877 513 CORNELII
891 453 1025 512 TAOITI

1264 551 1387 590 aava

342 619 457 686 multos
476 617 572 684 etiam
589 614 689 680 bonos
707 635 837 698 pessum
854 613 953 690 dedit,
977 613 1031 696 qui
1049 615 1161 699 spretis
1184 635 1267 698 quae
1286 618 1387 682 tarda

269 745 273 752 ·
343 735 416 780 cum
434 710 615 786 securitate,
633 717 832 793 praematura
850 707 900 771 vel
918 727 990 771 cum
1008 707 1102 772 exitio
1120 719 1300 794 properant.

406 806 537 872 Auxere
561 825 727 868 numerum
757 810 975 868 accusatorum
1002 798 1123 868 Gellius
1149 801 1318 868 Publicola
1346 816 1382 869 et

342 902 390 968 M.
412 899 585 975 Paconius,
611 896 664 962 ille
685 904 833 979 quaestor
856 893 971 972 Silani,
993 894 1046 960 hic
1070 895 1207 982 legatum
1234 919 1295 962 nec
1316 898 1382 962 du-

343 997 431 1062 bium
448 993 623 1060 habebatur
639 990 789 1056 saevitiae
811 997 1035 1075 captarumque
1052 991 1257 1075 pecuniarum
1275 992 1380 1056 teneri

342 1113 441 1168 reum,
461 1088 518 1154 sed
531 1085 629 1151 multa
641 1082 871 1170 adgerebantur
884 1083 978 1149 etiam
995 1083 1171 1150 insontibus
1184 1085 1378 1171 periocdosa,

343 1207 415 1252 cum
425 1205 519 1270 super
527 1191 573 1248 tot
587 1190 747 1260 senatores
761 1179 910 1247 adversos
919 1178 1153 1244 facundissimis
1167 1181 1262 1246 totius
1273 1179 1377 1246 Asiae

343 1303 443 1365 eoque
461 1279 502 1344 ad
519 1275 730 1342 accusandum
744 1273 872 1339 delectis
889 1274 1093 1359 responderet
1110 1274 1195 1342 solus
1214 1284 1246 1342 et
1263 1277 1377 1340 orandi

342 1375 482 1451 nescius,
505 1370 630 1456 proprio
647 1369 681 1434 in
698 1378 798 1446 metu,
822 1367 877 1452 qui
894 1369 1062 1434 exercitam
1080 1390 1204 1453 quoquc
1222 1370 1375 1454 eloquen-

343 1470 418 1534 tium
431 1465 581 1540 debilitat,
599 1485 664 1528 non
677 1471 869 1547 temperante
882 1461 1010 1529 Tiberio
1022 1462 1099 1546 quin
1110 1473 1266 1549 premeret
1283 1487 1373 1542 voce,

342 1565 444 1640 vultu,
463 1584 501 1626 eo
520 1560 605 1645 quod
622 1559 690 1645 ipse
708 1559 893 1624 creberrime
910 1557 1134 1646 interrogabat,
1157 1581 1260 1644 neque
1277 1561 1374 1628 refel-

341 1658 405 1722 lere
423 1664 477 1721 aut
490 1653 616 1719 eludere
628 1652 771 1730 dabatur,
791 1675 828 1718 ac
846 1675 939 1738 saepe
957 1654 1052 1718 etiam
1065 1653 1277 1720 confitendum
1295 1665 1373 1732 erat,

341 1775 381 1818 ne
399 1751 515 1816 frustra
528 1747 744 1832 quaesivisset.
764 1769 871 1816 servos
889 1769 1013 1832 quoque
1027 1745 1138 1826 Silani,
1157 1758 1192 1812 ut
1209 1750 1373 1814 tormentis

341 1847 618 1931 interrogarentur,
643 1851 729 1906 actor
744 1841 891 1927 publicus
909 1841 1065 1928 mancipio
1083 1851 1259 1928 acceperat3
1283 1853 1315 1907 et
1332 1865 1373 1907 ne

341 1941 412 2026 quis
435 1937 682 2004 necessariorum
703 1936 825 2001 iuvaret
849 1936 1090 2022 periclitantem,
1116 1936 1290 2002 maiestatis
1314 1937 1374 2002 cri·

342 2036 427 2100 mina
450 2031 676 2108 subdebantur,
704 2030 842 2096 vinclum
868 2039 899 2095 et
920 2030 1091 2097 necessitas
1119 2030 1245 2108 silendi3
1274 2029 1374 2118 igitur

274 2181 276 2188 ,
341 2130 439 2216 petito
460 2149 633 2214 paucorum
654 2125 774 2190 dierum
796 2123 958 2191 interiectu
976 2124 1191 2191 defensionem
1213 2124 1263 2190 sui
1280 2124 1372 2190 dese-

341 2226 412 2302 ruit,
431 2223 517 2288 ausis
535 2221 577 2285 ad
591 2218 761 2286 Caesarem
779 2218 939 2297 codicillis,
958 2219 1072 2304 quibus
1085 2209 1235 2284 insidiam
1253 2229 1285 2284 et
1301 2241 1373 2304 pre-

343 2341 395 2383 ces
414 2316 591 2380 miscuerat.

291 2430 324 2481 68
406 2407 552 2473 Tiberius
566 2428 646 2491 quae
663 2407 698 2472 in
712 2405 856 2473 Silanum
873 2406 1012 2494 parabat,
1031 2428 1094 2491 quo
1112 2407 1292 2474 excusatius
1312 2406 1371 2474 sub

342 2502 487 2588 exemplo
515 2501 744 2586 acciperentur,
775 2501 897 2568 libellos
928 2501 994 2566 divi
1018 2499 1159 2588 Augusti
1185 2502 1224 2566 de
1249 2500 1371 2568 Voleso

341 2597 496 2674 Messala,
524 2596 666 2660 eiusdem
687 2594 787 2660 Asiae
809 2597 1009 2681 proconsule,
1037 2596 1217 2681 factumque
1242 2597 1276 2661 in
1298 2619 1371 2662 eum

342 2701 469 2758 senatus
488 2679 668 2754 consultum
683 2691 806 2754 recitari
823 2691 910 2756 iubet
915 2716 924 2769 3
943 2700 1009 2755 tum
1022 2691 1064 2756 L.
1079 2689 1228 2756 Pisonem
1247 2701 1372 2756 senten-

341 2787 417 2851 tiam
437 2793 542 2870 rogat:
564 2784 616 2848 ille
639 2784 772 2848 multum
796 2784 836 2850 de
854 2785 1019 2852 clementia
1039 2785 1187 2871 principis
1209 2785 1371 2870 praefatus

340 2902 423 2964 aqua
445 2888 539 2962 atque
561 2878 628 2965 igni
651 2876 761 2944 Silano
787 2879 1036 2944 interdicendum
1062 2879 1183 2945 censuit
1203 2880 1371 2965 ipsumque

339 2976 374 3040 in
390 2973 526 3040 insulam
544 2971 688 3060 Gyarum
705 2974 919 3060 relegandum.
947 2974 1058 3039 eadem
1076 2973 1184 3050 ceteri,
1206 2973 1268 3038 nisi
1284 2974 1372 3056 quod

342 3069 402 3136 Cn.
416 3069 573 3135 Lentulus
588 3069 763 3156 separanda
778 3066 878 3134 Silani
892 3078 1033 3134 materna
1045 3066 1137 3146 bona,
1156 3065 1296 3153 quippe*
1310 3068 1372 3134 alia

340 3174 469 3252 parente
487 3164 598 3252 geniti,
621 3163 841 3246 reddendaque
859 3162 923 3228 lilio
942 3163 1034 3240 dixit,
1057 3163 1213 3228 adnuente
1231 3161 1369 3228 Tiberio.

290 3279 322 3326 es
405 3257 452 3324 At
469 3258 634 3325 Cornelius
652 3256 821 3325 Dolabella
842 3257 919 3322 dum
941 3257 1151 3322 adulationem
1172 3256 1297 3342 longius
1321 3279 1371 3322 se·

339 3353 458 3435 quitur,
480 3351 639 3438 increpitis
658 3350 696 3415 C.
718 3349 818 3416 Silani
840 3350 978 3418 moribus
1001 3351 1135 3418 addidit:
1158 3351 1286 3435 nequis
1304 3351 1371 3416 vita

339 3443 509 3529 probrosus
528 3454 559 3508 et
576 3453 702 3529 opertus
720 3444 851 3511 infamia
867 3447 1061 3532 provinciam
1079 3445 1252 3523 sortiretur,
1274 3445 1371 3529 idque

257 3553 262 3560 ·
339 3537 485 3623 princeps
499 3537 697 3617 diiudicaret3
716 3562 790 3604 nam
808 3563 827 3605 a
843 3541 968 3628 legibus
987 3542 1100 3607 delicta
1116 3540 1234 3626 puniris
1252 3549 1371 3624 quanto

340 3633 407 3698 fore
430 3631 535 3697 mitius
553 3632 586 3697 in
603 3633 705 3719 ipsos,
730 3634 841 3702 melius
859 3637 892 3701 in
915 3637 1031 3715 socios,
1054 3635 1212 3722 provideri
1234 3657 1275 3700 ne
1297 3657 1372 3721 pec·

340 3728 481 3794 caretur?
498 3727 665 3808 adversum
678 3749 759 3812 quae
773 3730 921 3796 dissentit
935 3730 1069 3798 Caesar:
1087 3753 1151 3795 non
1163 3729 1292 3814 quidem
1311 3728 1371 3794 sibi

339 3825 450 3912 ignara
471 3845 553 3906 quae
574 3823 614 3888 de
637 3821 746 3890 Silano
767 3824 992 3912 vulgabantur3
1020 3825 1162 3890 sednon
1184 3845 1225 3888 ex
1244 3843 1371 3888 rumore

341 3919 555 3996 statuendum3
581 3917 696 3984 multos
718 3919 753 3983 in
776 3920 945 4004 provinciis
972 3929 1197 4003 contraquam
1219 3939 1293 4002 spes
1315 3925 1370 3982 aut

339 4022 441 4079 metus
460 4013 500 4078 de
518 4013 579 4078 illis
597 4013 690 4078 fuerit
708 4013 827 4100 egisse3
850 4014 979 4078 excitari
1000 4013 1155 4098 quosdam
1177 4011 1219 4078 ad
1239 4009 1371 4076 meliora

339 4107 554 4192 magnitudine
572 4129 689 4186 rerum,
711 4107 880 4174 hebescere
898 4107 993 4186 alios;
1014 4129 1118 4193 neque
1139 4127 1234 4192 posse
1251 4104 1368 4191 princi-

339 4221 412 4283 pem
430 4221 488 4266 sua
505 4201 634 4266 scientia
647 4211 759 4268 cuncta
772 4203 946 4290 complecti,
964 4224 1066 4287 neque
1084 4201 1232 4288 expedire
1249 4209 1285 4266 ut
1302 4222 1369 4266 am-
