3042 4956
434 411 641 471 ANNALIUM
658 413 734 468 LIB.
749 413 815 468 XII.
831 416 949 472 65-69.
1138 407 1201 470 225
1219 498 1224 503 .

174 505 330 640 ¹dllcelhdus
349 581 379 636 et
397 570 470 636 dolo
487 570 642 638 intellecto
661 572 701 636 ad
719 595 856 638 amorem
874 572 930 638 filii
946 575 1073 640 rediret:
1092 577 1201 660 exqui-

174 670 270 732 situm
288 665 407 748 aliquid
424 665 580 749 placebat,
604 665 689 748 quod
711 666 850 730 turbaret
866 677 1002 732 mentem
1021 678 1051 731 ct
1068 679 1199 735 mortem

174 763 322 827 differret
346 760 493 845 deligitur
505 759 618 824 artifex
632 760 750 838 talium,
769 759 922 826 vocabulo
931 763 1082 839 Locusta,
1100 785 1200 846 nuper

174 855 317 920 veneficii
339 855 486 918 damnata
509 865 540 917 ct
561 855 615 918 diu
636 855 716 919 inter
737 854 943 920 instrumenta
963 857 1053 941 regni
1078 857 1198 933 habita3

173 951 239 1015 eius
259 947 399 1012 mulieris
417 946 542 1032 ingenio
559 956 704 1032 paratum
716 947 813 1025 virus,
832 947 920 1014 ouius
934 949 1075 1013 minister
1093 972 1110 1013 e
1129 972 1200 1034 spa-

173 1043 309 1109 donibus
323 1041 384 1105 fuit
397 1041 543 1118 Halotus,
562 1041 677 1106 inferre
691 1042 799 1127 epulas
813 1053 844 1106 et
861 1043 1022 1128 explorare
1040 1054 1136 1129 gustu
1150 1067 1200 1106 00-

172 1138 262 1202 litus:
285 1137 427 1218 adeoque
445 1145 557 1199 cuncta
574 1157 648 1199 mox
664 1145 863 1220 pernotuere,
886 1145 921 1200 ut
938 1146 1112 1221 temporum
1131 1137 1199 1200 illo·
1218 1161 1249 1206 67

172 1255 243 1296 rum
261 1231 428 1315 scriptores
441 1228 634 1314 prodiderint
646 1229 786 1294 infusum
801 1230 975 1295 delectabili
988 1231 1068 1308 cibo,
1089 1231 1198 1306 boleto,

172 1347 343 1400 vencnum,
362 1344 421 1386 nec
438 1321 501 1386 vim
519 1322 733 1386 medicaminis
752 1323 856 1387 statim
874 1323 1075 1401 intellectam,
1095 1347 1199 1389 socor-

173 1419 265 1482 diane
280 1416 406 1481 Claudii
424 1439 465 1479 au
482 1415 664 1493 vinolentia3
684 1417 777 1480 simul
791 1417 892 1483 soluta
910 1418 998 1482 alvus
1014 1418 1198 1484 subvenisse

172 1511 347 1576 videbatur.
369 1509 466 1596 igitur
482 1508 629 1573 exterrita
641 1507 827 1595 Agrippina,
847 1521 878 1575 et
895 1512 1020 1594 quando
1034 1512 1198 1577 ultima-ti-

173 1604 351 1680 mebantur,
376 1612 480 1688 spreta
496 1603 707 1689 praesentium
729 1604 858 1682 invidia,
880 1606 1039 1691 provisam
1056 1607 1119 1670 iam
1138 1607 1197 1671 sibi

172 1698 397 1783 Xenophontis
415 1697 529 1762 medici
546 1698 767 1762 conscientiam
786 1699 925 1765 adhibet:
948 1701 1014 1777 ille,
1037 1711 1197 1784 tamquam

171 1793 259 1857 nisus
278 1791 452 1856 evomentis
470 1792 644 1868 adiuvaret,
667 1792 795 1876 pinnam
812 1794 922 1877 rapido
939 1816 1060 1858 veneno
1077 1795 1207 1858 inlitam.

171 1885 316 1950 faucibus
331 1886 398 1949 eius
412 1885 577 1950 demisisse
590 1886 734 1963 creditur,
753 1885 838 1950 haud
850 1887 978 1972 ignarus
994 1909 1117 1951 summa
1131 1909 1197 1951 sce-

170 1980 236 2044 lera
252 1979 350 2063 incipi
367 2001 440 2043 cum
456 1978 609 2063 pericula
626 1979 736 2065 peragi
755 2002 827 2043 cum
843 1980 992 2063 praemio.

235 2072 419 2137 Vocabatur
443 2073 566 2138 interim
593 2083 720 2138 senatus
746 2083 882 2157 votaque
903 2095 960 2160 pro
985 2074 1196 2140 incolumitate
1216 2096 1248 2142 os

169 2166 320 2253 principis
334 2166 479 2232 consules
493 2177 524 2231 et
538 2168 715 2233 sacerdotes
725 2167 957 2253 nuncupabant,
972 2189 1043 2231 oum
1052 2167 1197 2232 iam'exa-

168 2261 263 2324 nimis
282 2260 423 2325 vestibus
441 2271 472 2326 ct
489 2261 634 2328 fomentis
653 2263 864 2349 obtegeretur,
884 2263 959 2326 dum
976 2284 1026 2326 res
1044 2261 1196 2325 firmando
1240 2314 1242 2322 ,

169 2355 303 2420 Neronis
317 2355 448 2440 imperio
462 2366 698 2440 componuntur.
716 2357 780 2420 iam
790 2357 928 2442 'primum
940 2354 1128 2442 Agrippina,
1143 2377 1196 2450 ve7

168 2449 216 2512 lut
234 2448 341 2512 dolore
355 2449 438 2514 victa
455 2460 487 2513 et
504 2449 615 2514 solatia
632 2451 829 2533 conquirens,
847 2461 951 2515 tenere
966 2451 1113 2536 amplexu
1125 2449 1196 2514 Bri·

168 2543 344 2620 tannicum,
366 2565 473 2608 veram
494 2545 616 2628 paterni
633 2545 695 2608 oris
713 2544 851 2630 effigiem
874 2545 1029 2631 appellare
1047 2565 1084 2608 00
1101 2544 1195 2608 variis

168 2636 289 2700 artibus
303 2636 465 2712 demorari,
484 2659 524 2702 ne
537 2637 681 2702 cubiculo
699 2640 912 2726 egrederetur3
928 2637 1101 2704 Antoniam
1119 2661 1196 2720 quo-

167 2751 230 2814 qne
248 2741 280 2794 et
299 2727 481 2808 Octaviam,
503 2753 626 2796 sorores
645 2731 726 2809 eius,
746 2734 877 2810 attinuit,
897 2743 928 2798 01
944 2743 1073 2797 cunctos
1092 2732 1195 2796 aditus

168 2823 320 2888 custodiis
339 2823 505 2902 clauserat,
530 2824 702 2909 crebroque
724 2826 874 2910 vulgabat
899 2827 944 2889 ire
962 2827 994 2889 in
1011 2826 1122 2892 melius
1143 2848 1196 2888 va
1301 2879 1303 2884 ,

166 2917 332 2980 litudinem
353 2918 516 3002 principis,
540 2941 602 3002 quo
624 2919 715 2984 miles
738 2919 820 2984 bona
842 2918 875 2981 in
897 2940 953 3002 spe
975 2927 1095 3003 ageret,
1118 2927 1197 2980 tem-

165 3032 291 3095 pusque
308 3033 493 3096 prosperum
510 3034 550 3077 ex
568 3012 694 3077 monitis
714 3010 945 3078 Chaldaeorum
963 3011 1152 3075 adventaret.

233 3103 325 3168 Tunc
342 3105 446 3169 medio
468 3105 544 3183 diei,
563 3103 689 3170 tertium
707 3114 779 3170 ante
796 3105 868 3169 idus
887 3102 1050 3180 Octobris,
1065 3099 1194 3165 'foribus
1214 3123 1245 3169 09

167 3197 276 3282 palatii
297 3207 425 3283 repente
447 3199 597 3278 diductis,
621 3200 787 3265 comitante
809 3199 911 3264 Burro
932 3198 1015 3264 Nero
1039 3196 1197 3284 egreditur

168 3291 210 3354 ad
229 3291 392 3356 cohortem
412 3314 493 3377 quae
515 3316 601 3358 more
622 3294 751 3358 militiae
773 3293 912 3359 excubiis
935 3294 1037 3371 adest3
1064 3291 1108 3356 ibi
1129 3313 1198 3356 mo-

167 3393 261 3448 nente
273 3384 433 3469 praefecto
447 3387 536 3451 festis
550 3388 680 3453 vocibus
693 3398 842 3474 exceptus
855 3387 971 3451 inditur
982 3387 1124 3464 lecticae3
1139 3386 1196 3449 du-

168 3476 318 3542 bitavisse
337 3481 491 3561 quosdam
512 3480 630 3559 ferunt,
652 3490 864 3568 respectantes
886 3482 1118 3568 rogitantesque
1140 3480 1195 3545 ubi

166 3571 368 3637 Britannicus
391 3583 488 3639 esset:
511 3598 586 3639 mox
607 3576 693 3640 nullo
715 3577 748 3644 in
770 3577 928 3642 diversum
950 3585 1090 3651 auctore,
1114 3595 1194 3657 quae

167 3664 392 3746 offerebantur,
416 3669 515 3733 secuti
537 3680 624 3747 0001,
646 3671 812 3753 illatusque
835 3670 944 3734 castris
961 3669 1046 3733 Nero
1068 3677 1099 3730 ct
1121 3689 1195 3729 con-

166 3761 312 3843 gruentia
335 3764 468 3846 tempori
490 3765 666 3848 praefatus,
687 3765 842 3849 promisso
863 3762 1012 3826 donativo
1030 3760 1071 3823 ad
1089 3779 1195 3821 exem-

166 3853 254 3938 plum
270 3864 419 3939 paternae
437 3855 623 3942 largitionis,
642 3859 810 3942 imperator
827 3855 1047 3920 consalutatur.
1072 3859 1195 3915 senten-

167 3947 243 4012 tiam
261 3948 395 4014 militum
419 3963 526 4016 secuta
548 3963 671 4038 patrum
694 3949 849 4025 consulta,
872 3969 931 4011 neo
953 3944 1129 4009 dubitatum
1147 3952 1195 4006 est

166 4042 252 4125 apud
268 4043 457 4127 provincias.
484 4045 697 4128 caelestesque
714 4044 847 4108 honores
868 4039 1001 4105 Claudio
1023 4039 1194 4102 (10001000-

166 4145 218 4198 tur
239 4144 270 4199 et
292 4136 412 4202 funeris
432 4139 581 4204 sollemne
597 4139 727 4225 perinde
745 4158 782 4202 ac
799 4136 872 4200 divo
890 4133 1040 4220 Augusto
1057 4132 1195 4198 celebra-

221 4251 292 4296 chiti
301 4255 341 4297 ool.
353 4253 369 4297 l.
984 4241 1020 4299 15
