3042 4956
338 435 405 502 212
687 440 871 501 CORNELII
884 440 1019 499 TAOITI

1260 545 1281 577 a.
1294 547 1324 577 n.
1335 537 1395 578 δῦθι

337 607 512 689 fratresque
525 602 558 667 in
571 600 761 668 deditionem
775 601 908 687 accepti:
927 600 1004 686 ipse,
1023 610 1058 667 ut
1071 601 1169 670 ferme
1179 603 1284 670 intuta
1301 615 1393 671 sunt

338 701 484 776 adverso,
511 717 584 762 cum
609 695 704 762 fidem
731 693 988 774 Cartimanduae,
1015 697 1143 782 reginae
1168 693 1390 784 Brigantum,

337 793 513 881 petivisset,
540 791 663 856 vinctus
689 810 727 854 ao
748 787 919 854 victoribus
942 789 1074 856 traditus
1097 800 1159 869 est,
1185 815 1271 858 nono
1299 801 1392 879 post

337 910 420 954 anno
437 907 533 971 quam
550 883 667 950 bellum
684 883 718 958 in
734 882 898 948 Britannia
914 893 1070 970 coeptum.
1093 886 1178 951 uude
1195 885 1284 952 fama
1303 887 1388 952 eius

337 991 447 1048 evecta
468 979 587 1046 insulas
606 987 637 1044 et
657 977 816 1064 proximas
838 977 1014 1064 provincias
1037 989 1209 1067 pervagata
1229 1003 1289 1066 per
1306 981 1389 1046 Ita·

336 1077 411 1142 liam
428 1097 554 1160 quoque
571 1072 786 1139 celebrabatur
807 1072 1004 1157 avebantque
1026 1074 1143 1152 visere,
1162 1075 1233 1159 quis
1250 1075 1306 1140 ille
1329 1085 1387 1140 tot

335 1193 393 1257 per
406 1192 506 1236 annos
520 1189 596 1254 opes
609 1175 733 1232 nostras
747 1165 918 1252 sprevisset
922 1192 931 1245 3
949 1189 989 1232 ne
1002 1167 1124 1233 Romae
1137 1169 1266 1253 quidem
1279 1169 1385 1256 igno-

336 1265 399 1330 bile
418 1262 563 1329 Carataci
580 1283 696 1327 nomen
713 1268 792 1338 erat3
811 1268 843 1324 et
857 1258 977 1326 Caesar
993 1261 1069 1326 dum
1087 1284 1180 1327 suum
1197 1262 1297 1328 decus
1315 1285 1383 1327 ex-

336 1358 429 1436 tollit,
449 1355 568 1422 addidit
584 1353 716 1442 gloriam
734 1353 827 1419 victo.
849 1363 979 1419 vocatus
997 1353 1113 1441 quippe
1131 1364 1167 1419 ut
1184 1355 1225 1420 ad
1243 1355 1380 1443 insigne

336 1450 549 1538 spectaculum
566 1448 717 1536 populus:
737 1457 849 1514 stetere
867 1447 901 1513 in
914 1448 1012 1514 'armis
1029 1449 1204 1534 praetoriae
1222 1451 1378 1517 cohortes

335 1567 447 1631 campo
465 1544 519 1628 qui
536 1552 640 1608 castra
651 1542 807 1628 praeiacet
812 1567 821 1621 ;
840 1552 915 1608 tunc
928 1543 1143 1610 incedentibus
1157 1545 1253 1632 regiis
1272 1546 1378 1612 clien-

334 1640 404 1706 telis
416 1638 573 1724 phalerae,
592 1646 718 1720 torques
736 1658 880 1721 quaeque
893 1637 984 1704 bellis
1002 1638 1138 1730 externis
1157 1639 1374 1723 quaesiverat,

334 1733 490 1811 traducta3
504 1755 579 1797 mox
591 1731 703 1796 fratres
718 1740 750 1796 et
758 1731 873 1796 coniux
887 1731 1000 1811 etfilia,
1014 1741 1172 1818 postremo
1182 1734 1251 1820 ipse
1261 1744 1375 1800 osten·

334 1838 428 1894 tatus.
451 1837 626 1893 ceteromm
647 1848 756 1912 preces
775 1825 947 1913 degeneres
965 1827 1054 1893 fuere
1072 1851 1112 1894 ex
1129 1839 1229 1908 metm
1254 1839 1287 1894 at
1304 1853 1373 1896 non

336 1923 508 1990 Caratacus
527 1929 581 2012 aut
597 1920 687 1986 vultu
705 1919 842 1986 demisso
860 1931 915 1986 aut
931 1921 1036 1987 verbis
1054 1922 1302 1988 misericordiam
1317 1946 1373 1988 re·

335 2019 476 2103 quirens,
494 2015 550 2082 ubi
567 2013 715 2082 tribunali
732 2015 843 2092 astitit,
862 2015 896 2080 in
912 2014 997 2080 hune
1014 2016 1144 2081 modum
1161 2016 1284 2082 locutus
1304 2029 1369 2084 est:

284 2135 316 2183 av
401 2111 469 2194 „Si
486 2119 604 2196 quauta
621 2108 766 2176 nobilitas
785 2117 816 2174 et
832 2108 958 2174 fortuna
975 2109 1052 2174 mihi
1069 2109 1138 2189 fuit,
1158 2121 1245 2176 tanta
1260 2129 1369 2178 rerum

269 2281 271 2286 ,
334 2229 555 2294 prosperarum
572 2201 744 2270 moderatio
761 2201 887 2281 fuisset,
905 2203 1025 2268 amicus
1042 2203 1147 2290 potius
1165 2204 1199 2270 in
1215 2205 1297 2271 hanc
1315 2229 1369 2274 ur-

333 2301 408 2366 bem
425 2323 520 2385 quam
542 2308 652 2384 captus
670 2297 841 2375 venissem,
864 2319 966 2380 neque
984 2297 1172 2385 dedignatus
1196 2321 1284 2366 esses
1303 2301 1368 2366 cla-

333 2395 376 2460 ris
394 2392 564 2464 maioribus
583 2400 699 2470 ortum,
722 2391 864 2477 pluribus
886 2390 1033 2478 gentibus
1051 2393 1280 2478 imperitantem
1298 2394 1368 2460 foe-

334 2488 408 2552 dere
429 2490 516 2573 pacis
538 2485 693 2570 accipere:
716 2507 864 2571 praesens
884 2509 952 2551 sors
970 2509 1042 2552 mea
1063 2495 1098 2552 ut
1115 2487 1193 2552 mihi
1209 2487 1366 2568 informis,

334 2581 379 2646 sio
402 2580 459 2645 tibi
480 2577 649 2664 magnilica
671 2589 728 2644 est.
759 2578 856 2644 habui
878 2603 990 2664 equos,
1018 2581 1117 2659 viros,
1144 2605 1245 2661 arma,
1272 2606 1366 2670 opes:

331 2673 410 2760 'quid
431 2673 558 2750 mirum,
582 2672 610 2737 si
627 2672 706 2738 haec
727 2673 843 2739 invitus
866 2675 975 2740 amisi?
996 2699 1070 2751 nam
1092 2676 1195 2742 sivos
1218 2679 1367 2744 omnibus

332 2767 509 2854 imperitare
527 2765 635 2845 vultis,
655 2766 796 2852 sequitur
812 2775 847 2832 ut
865 2790 974 2834 omnes
992 2769 1174 2836 servitutem
1192 2771 1367 2858 accipiant?

333 2863 361 2929 si
379 2862 484 2928 statim
506 2861 631 2928 deditus
654 2861 804 2941 traderer,
827 2882 929 2946 neque
950 2885 1022 2928 mea
1039 2862 1165 2930 fortuna
1185 2887 1288 2949 neque
1311 2876 1368 2932 tua

332 2957 433 3045 gloria
453 2956 664 3036 inclaruisset,
687 2966 719 3022 et
737 2955 924 3042 supplicium
945 2957 1008 3022 mei
1030 2956 1145 3024 oblivio
1168 2967 1366 3043 sequereturz

333 3061 366 3118 at
384 3053 411 3118 si
424 3051 613 3118 incolumem
631 3050 815 3130 servaveris,
834 3059 995 3116 aeternum
1004 3051 1164 3138 exemplar
1181 3053 1367 3118 clementiae

333 3151 415 3212 ero.“
439 3146 481 3210 ad
497 3169 535 3212 ea
553 3145 673 3212 Caesar
689 3145 815 3210 veniam
831 3143 953 3230 ipsique
971 3153 1003 3210 et
1020 3146 1147 3232 coniugi
1165 3155 1197 3212 et
1213 3145 1365 3211 fratribus

332 3239 440 3305 tribuit
465 3249 559 3323 atque
584 3240 630 3304 illi
656 3240 767 3306 vinclis
795 3236 962 3325 [ab]soluti
986 3237 1198 3325 Agrippinam
1226 3259 1364 3322 quoque,

331 3331 417 3396 haud
433 3332 542 3416 procul
560 3332 621 3396 alio
635 3341 789 3418 suggestu
802 3333 1012 3418 conspicuam,
1030 3333 1131 3398 isdem
1149 3331 1264 3415 quibus
1277 3332 1365 3417 prin-

331 3425 433 3508 cipem
450 3422 596 3488 laudibus
614 3423 818 3510 gratibusque
835 3425 975 3490 venerati
992 3434 1079 3490 sunta
1102 3447 1220 3490 novum
1238 3447 1313 3490 sane
1332 3435 1365 3492 et

330 3515 470 3582 moribus
484 3525 625 3580 veterum
638 3517 807 3596 insolitum,
826 3517 976 3583 feminam
991 3519 1089 3605 signis
1103 3519 1254 3584 Romanis
1272 3541 1364 3604 prae-

331 3612 448 3691 sidere3
470 3610 541 3698 ipsa
563 3620 662 3676 semet
682 3611 764 3696 parti
781 3634 801 3676 a
817 3610 988 3678 maioribus
1011 3613 1077 3678 suis
1099 3612 1222 3699 imperii
1244 3612 1363 3679 sociam

331 3705 461 3775 ferebat.

280 3821 313 3874 as
394 3800 510 3868 Vocati
526 3799 658 3888 posthac
675 3809 780 3886 patres
798 3801 897 3868 multa
915 3812 946 3869 ct
963 3802 1131 3890 magnifica
1153 3823 1248 3888 super
1265 3800 1364 3888 eapti-

331 3897 427 3965 vitate
446 3896 592 3963 Carataci
614 3895 802 3975 disseruere,
824 3920 927 3982 neque
949 3899 1053 3964 minus
1075 3897 1110 3962 id
1130 3896 1249 3962 clarum
1266 3917 1363 3979 quam

331 3992 417 4076 quod
440 3990 620 4080 Syphacem
641 3989 679 4056 P.
704 3990 826 4079 Scipio,
849 3991 969 4060 Persen
986 3993 1027 4058 L.
1046 3991 1181 4070 Paulus,
1205 3999 1236 4054 et
1258 3989 1363 4073 siqui

332 4086 384 4150 alii
411 4087 532 4152 vinctos
558 4109 650 4173 reges
675 4089 792 4175 populo
818 4089 962 4157 Romano
989 4089 1167 4166 ostendere;
1194 4095 1364 4152 censentur

333 4175 462 4244 Ostorio
477 4181 626 4266 triumphi
639 4183 784 4270 insignia,
802 4185 960 4271 prosperis
974 4184 1016 4251 ad
1032 4183 1065 4249 id
1082 4181 1176 4249 rebus
1190 4181 1268 4260 eius,
1287 4201 1364 4246 mox
