2958 4960
326 459 368 525 2‘2
620 527 623 534 ,
674 465 856 522 CORNELII
871 464 1005 522 TAGITI

325 629 407 694 inter
424 648 458 692 se
475 623 646 690 rationibus
663 622 813 710 placitum
831 631 866 686 ut
882 623 1034 708 epistulae
1055 626 1180 692 nomine
1202 565 1361 715 pribdibib

327 721 548 796 scriberentur,
581 718 764 782 missionem
794 717 862 781 dari
892 717 1002 784 vicena
1034 719 1189 803 stipendia
1219 723 1361 803 meritis3

327 814 520 884 exauctorari
537 812 592 896 qui
610 834 686 877 sena
698 812 779 876 dena
797 810 946 876 fecissent
963 834 1001 877 ac
1017 813 1142 878 retineri
1160 814 1219 879 sub
1237 818 1361 884 vexillo

327 920 500 976 ceterorum
526 907 670 972 inmunes
691 906 754 970 nisi
775 905 978 991 propulsandi
1003 906 1118 985 hostis3
1145 907 1252 994 legata
1274 931 1361 993 quae

278 1026 309 1075 ar
327 1005 502 1091 petiverant
527 1001 648 1067 exsolvi
669 999 905 1085 duplicariqua'
925 998 1031 1066 Sensit
1056 1002 1146 1066 miles
1172 1003 1206 1067 in
1228 1013 1360 1089 tempus

327 1099 461 1165 conficta
483 1095 649 1178 statimque
666 1094 832 1180 flagitavit:
855 1094 963 1159 missio
980 1116 1037 1180 per
1058 1095 1198 1160 tribunos
1217 1107 1361 1163 matura-

327 1203 391 1272 tur3
409 1189 532 1277 largitio
546 1188 747 1254 differebatur
764 1187 797 1250 in
814 1187 944 1254 hiberna
962 1189 1122 1272 cuiusque.
1144 1212 1209 1254 non
1227 1190 1361 1258 absces-

329 1308 397 1352 sere
414 1282 556 1369 quintani
577 1281 910 1364 unetvicesimanique,
934 1282 1034 1348 donec
1056 1283 1157 1349 isdem
1174 1284 1207 1347 in
1225 1285 1358 1350 aestivis

328 1388 486 1445 contracta
504 1399 545 1442 ex
561 1376 675 1441 viatico
693 1375 863 1439 amicorum
880 1374 1043 1460 ipsiusque
1057 1375 1203 1444 Caesaris
1221 1381 1359 1464 pecunia

327 1472 565 1559 persolveretur.
588 1469 722 1554 primam
739 1491 777 1533 ac
793 1469 976 1534 vicesimam
992 1471 1134 1557 legiones
1154 1469 1296 1538 Caecina
1313 1472 1357 1539 le-

327 1576 420 1653 gatus
442 1565 475 1629 in
497 1564 653 1628 civitatem
676 1561 832 1628 Ubiorum
854 1563 991 1641 reduxit,
1012 1565 1097 1650 turpi
1119 1565 1259 1651 agmine,
1283 1588 1356 1632 cum

327 1659 396 1724 fisci
413 1659 453 1724 de
474 1658 659 1742 imperatore
680 1656 761 1742 rapti
783 1657 973 1743 intersigna
993 1657 1134 1742 interque
1156 1659 1279 1742 aquilas
1302 1683 1357 1725 ve-

326 1753 483 1818 herentur.
508 1748 714 1816 Germanicus
734 1750 925 1834 superiorem
948 1751 988 1816 ad
1007 1752 1177 1816 exercitum
1193 1751 1356 1838 pmfeotus

329 1847 499 1913 secundam
517 1855 548 1911 et
565 1844 687 1911 tertiam
705 1845 870 1909 decumam
887 1853 918 1908 et
936 1853 1057 1910 sextam
1074 1846 1238 1912 decumam
1256 1846 1357 1934 legio-

327 1964 384 2007 nes
397 1940 474 2006 nihil
487 1948 648 2006 cunctatas
663 1947 859 2004 sacramento
873 1938 971 2024 adigit
975 1963 985 2016 ς
998 1940 1264 2022 quartadecimani
1278 1963 1358 2026 pau·

327 2036 395 2102 lum
420 2035 651 2100 dubitaverant:
678 2032 811 2119 pecunia
833 2041 865 2098 et
886 2033 994 2098 missio
1015 2034 1160 2117 quamvis
1181 2056 1244 2100 non
1266 2035 1358 2121 flagi-

329 2129 468 2196 tantibus
486 2127 592 2194 oblata
610 2137 667 2194 est.

279 2243 310 2294 38
391 2224 439 2289 At
455 2224 488 2289 in
507 2223 644 2289 Chaucis
664 2232 846 2307 coeptavere
870 2221 1053 2287 seditionem
1075 2222 1265 2307 praesidium
1288 2223 1358 2309 agi-

329 2328 430 2383 tantes
447 2317 599 2382 vexillarii
617 2316 807 2382 discordium
824 2315 983 2401 legionum
1000 2325 1032 2380 et
1047 2315 1204 2401 praesenti
1221 2316 1358 2381 duorum

329 2410 462 2476 militum
485 2410 637 2496 supplicio
662 2409 791 2494 paulum
817 2410 952 2494 repressi
978 2418 1064 2487 sunt3
1091 2410 1225 2475 iusserat
1247 2409 1281 2474 id
1297 2411 1357 2474 Μ’.

328 2504 462 2582 Ennius,
482 2513 654 2569 castrorum
672 2502 860 2588 praefectus,
880 2502 962 2568 bono
980 2503 1082 2589 magis
1101 2503 1245 2589 exemplo
1258 2525 1358 2586 quam

329 2620 478 2665 concesso
495 2598 572 2664 iure.
600 2598 712 2662 deinde
731 2597 958 2663 intumescente
975 2607 1063 2662 motu
1079 2598 1233 2684 profugus
1250 2618 1359 2682 reper-

329 2701 452 2776 tusque,
471 2700 639 2777 postquam
655 2691 775 2756 intutae
792 2690 940 2769 latebrae,
959 2691 1149 2777 praesidium
1167 2691 1207 2756 ab
1225 2691 1360 2756 audacia

329 2795 501 2852 mutuatur:
520 2809 583 2852 non
596 2786 789 2873 praefectum
804 2785 906 2863 abiis,
926 2787 982 2852 sed
996 2783 1219 2854 Germanicum
1232 2785 1358 2862 ducem,

331 2881 388 2948 sed
414 2880 576 2947 Tiberium
602 2881 821 2966 imperatorem
847 2879 966 2945 violari.
1002 2879 1095 2944 simul
1122 2878 1275 2944 exterritis
1302 2879 1359 2962 qui

330 2976 527 3054 obstiterant,
553 2985 678 3062 raptum
700 2974 850 3041 vexillum
867 2975 907 3038 ad
929 2975 1029 3060 ripam
1051 2974 1157 3051 vertit,
1183 2972 1263 3038 etsi
1286 2974 1359 3056 quis

331 3071 454 3159 agmine
477 3071 679 3148 decessisset,
701 3092 758 3156 pro
780 3070 938 3134 desertore
959 3069 1028 3134 fore
1049 3068 1212 3133 clamitans
1233 3067 1359 3132 reduxit

329 3167 363 3232 in
380 3166 510 3232 hiberna
527 3166 667 3232 turbidos
686 3174 718 3230 et
734 3164 812 3229 nihil
828 3185 933 3230 ausos.

281 3279 312 3328 89
394 3261 519 3326 Interea
544 3260 640 3346 legati
664 3258 705 3323 ab
732 3269 842 3323 senatu
866 3279 1046 3344 regressum
1071 3257 1134 3322 iam
1160 3255 1246 3341 apud
1271 3277 1359 3320 aram

331 3352 488 3417 Ubiorum
511 3350 734 3418 Germanicum
757 3352 882 3418 adeunt.
910 3351 990 3416 duae
1011 3350 1056 3415 ibi
1078 3350 1234 3436 legiones,
1256 3349 1360 3434 prima

331 3454 424 3528 atque
442 3446 604 3522 vicesima,
629 3445 829 3528 veteranique
850 3468 950 3531 nuper
967 3445 1056 3510 missi
1078 3444 1137 3509 sub
1159 3443 1274 3508 vexillo
1292 3441 1360 3506 hie-

331 3539 472 3618 mabant3
499 3539 631 3624 pavidos
655 3548 686 3604 et
711 3540 901 3606 conscientia
926 3539 1095 3606 vaecordes
1121 3538 1216 3602 intrat
1240 3551 1359 3602 metus:

331 3634 455 3700 venisse
481 3643 605 3720 patrum
626 3633 716 3700 iussu
738 3635 792 3718 qui
813 3635 905 3700 inrita
930 3635 1070 3700 facerent
1091 3655 1172 3718 quae
1193 3654 1252 3718 per
1277 3632 1361 3698 sedi-

332 3732 448 3798 tionem
462 3739 695 3816 expresserant3
708 3740 806 3813 utque
819 3752 887 3796 mos
901 3730 997 3816 vulgo
1011 3729 1154 3813 quamvis
1168 3727 1256 3792 falsis
1270 3749 1360 3791 reum

333 3825 482 3905 subdere,
508 3825 688 3892 Munatium
710 3825 877 3903 Plancum,
905 3824 1070 3890 consulatu
1091 3823 1248 3898 functum,
1274 3821 1361 3906 prin-

333 3921 434 4008 cipem
455 3921 635 4008 legationis,
658 3931 819 3986 auctorem
842 3929 968 3986 senatus
991 3917 1125 3984 consulti
1146 3917 1306 3992 incusant;
1328 3923 1361 3978 et

332 4025 423 4082 nocte
446 4017 598 4082 concubia
621 4017 769 4082 vexillum
791 4017 824 4080 in
841 4016 934 4080 domo
954 4011 1135 4079 Germanici
1157 4011 1252 4076 situm
1268 4009 1361 4094 flagi-

333 4119 399 4176 tare
425 4113 595 4197 occipiunt,
624 4133 839 4196 concursuque
865 4109 906 4176 ad
927 4109 1054 4174 ianuam
1079 4106 1165 4172 facto
1191 4104 1361 4170 moliuntur

333 4207 427 4284 fores,
446 4216 619 4273 extractum
637 4207 732 4274 cubili
747 4206 916 4272 Caesarem
934 4203 1055 4270 tradere
1073 4199 1222 4267 vexillum
1240 4199 1360 4264 intento
