3020 4958
316 391 380 458 330
665 399 848 457 CORNELII
860 397 993 456 TACI'I'I

1233 502 1255 532 u.
1266 504 1287 532 u.
1298 495 1347 533 819.

315 559 510 646 primendam
519 558 690 646 imaginem
699 557 822 624 honesti
832 557 996 635 exercitus,
1007 567 1144 623 cetorum
1158 559 1264 626 animo
1272 583 1348 646 per-

315 655 459 740 fidiosus,
476 653 639 732 subdolus,
658 653 820 718 avaritiam
833 675 871 718 ac
887 653 1050 718 libidinem
1068 654 1243 733 occultans3
1262 677 1346 739 quac

315 759 483 836 postquam
504 749 637 836 pecunia
653 748 776 814 reclusa
798 756 884 825 sunt,
907 747 994 812 dedit
1014 748 1193 834 exemplum
1214 771 1346 834 praeca-

316 845 419 923 vendi,
433 844 590 928 quomodo
602 843 767 908 fraudibus
780 842 936 908 involutos
955 852 1009 906 aut
1021 843 1149 929 flagitiis
1163 865 1345 908 commacu-

315 939 405 1016 latos,
420 939 466 1004 sic
480 938 584 1024 specie
596 936 750 1003 bonarum
759 936 872 1002 artium
885 936 983 1002 salsos
993 946 1026 1001 et
1037 937 1191 1002 amicitiae
1200 937 1343 1002 fallaces.

266 1051 298 1098 33
381 1033 471 1097 Idem
481 1041 586 1097 tamen
594 1031 662 1097 dies
672 1041 703 1096 et
715 1031 884 1096 honestum
893 1030 1073 1115 exemplum
1081 1031 1152 1095 tulit
1161 1030 1268 1096 Cassii
1276 1030 1345 1095 As-

316 1127 493 1213 clepiodoti,
512 1125 567 1210 qui
580 1125 795 1212 magnitudine
813 1146 909 1210 opum
926 1124 1114 1210 praecipuus
1132 1125 1213 1189 inter
1228 1125 1345 1210 Bithy-

315 1244 383 1300 nos,
402 1243 466 1305 quo
483 1219 635 1304 obsequio
653 1219 814 1285 florentem
825 1217 982 1284 Soranum
995 1218 1215 1296 celebraverat,
1233 1217 1344 1283 laben-

316 1326 380 1380 tem
396 1337 461 1380 non
479 1314 629 1390 deseruit,
657 1323 832 1397 exutusque
854 1311 1000 1378 omnibus
1018 1313 1152 1378 fortunis
1175 1323 1205 1377 et
1223 1313 1258 1377 in
1275 1314 1344 1378 exi-

315 1410 391 1474 lium
405 1419 503 1487 actus,
522 1410 678 1494 aequitate
692 1409 787 1474 deum
801 1430 876 1494 erga
888 1406 972 1472 bona
985 1407 1129 1491 malaque
1142 1407 1342 1473 documenta.

316 1504 476 1569 Thraseae
495 1501 679 1588 Soranoque
702 1513 733 1568 et
752 1501 904 1569 Serviliae
922 1503 1015 1567 datur
1035 1502 1144 1567 mortis
1162 1503 1342 1581 arbitrium3

315 1596 483 1662 Helvidius
502 1606 533 1662 et
550 1597 708 1662 Paconius
725 1596 818 1661 Italia
835 1597 1047 1682 depelluntur3
1069 1595 1241 1662 Montanus
1259 1597 1343 1682 patri

315 1711 484 1757 concessus
502 1699 560 1767 est,
578 1690 738 1776 praedicto
755 1713 795 1755 ne
812 1690 848 1754 in
863 1689 1037 1776 republica
1053 1689 1229 1756 haberetur.
1248 1711 1343 1756 accu-

315 1783 470 1850 satoribus
479 1784 578 1870 Eprio
597 1794 628 1850 et
647 1783 837 1850 Cossutiano
855 1784 1063 1871 quinquagies
1082 1785 1259 1850 sestertium
1278 1785 1344 1848 sin-

315 1879 407 1967 gulis,
428 1875 557 1946 Ostorio
575 1879 742 1944 duodecies
761 1888 792 1944 et
809 1879 988 1963 quaestoria
1004 1877 1140 1965 insignia
1152 1876 1342 1943 tributmtur.

264 1990 296 2037 34
380 1973 465 2038 Tum
483 1975 524 2038 ad
533 1973 706 2038 Thraseam
719 1973 752 2037 in
769 1972 867 2039 hortis
882 1981 1028 2059 agentem
1041 1981 1188 2056 quaestor
1201 1970 1342 2036 consulis

315 2069 431 2134 missus
448 2077 687 2153 vesperascente
704 2067 768 2132 iam
785 2067 850 2146 die3
868 2067 1036 2132 illustrium
1053 2067 1191 2131 virorum
1208 2063 1343 2130 femina-

314 2183 446 2245 rumque
465 2171 572 2228 coetus
590 2161 769 2245 frequentes
788 2170 903 2248 egerat,
922 2161 1059 2225 maxime
1076 2161 1212 2226 intentus
1222 2158 1343 2226 Deme-

315 2258 383 2336 trio,
404 2249 765 2343 Cynicae'institutionis
784 2257 912 2334 doctori,
932 2277 1005 2320 cum
1022 2278 1096 2340 quo,
1114 2265 1150 2319 ut
1166 2254 1341 2319 coniectare

239 2375 242 2382 ’
315 2361 381 2416 erat
390 2352 560 2417 intentione
570 2352 674 2417 vultus
685 2361 716 2417 et
729 2351 853 2430 auditis,
873 2351 900 2416 si
913 2373 976 2434 qua
985 2350 1099 2415 clarius
1112 2346 1342 2434 proloqueban-

315 2454 374 2523 tur,
393 2446 432 2510 de
450 2455 561 2510 natura
579 2447 701 2511 animae
720 2455 751 2510 et
764 2446 984 2511 dissociatione
998 2445 1125 2530 spiritus
1139 2442 1341 2528 corporisque

314 2539 500 2622 inquirebat,
515 2541 615 2604 donec
632 2539 929 2605 advenitDomitius
940 2539 1148 2616 Caecilianus,
1164 2560 1204 2602 ex
1221 2536 1340 2601 intimis

314 2632 432 2709 amicis,
445 2631 519 2696 etei
532 2633 607 2715 quid
621 2641 747 2697 senatus
763 2634 937 2699 censuisset
951 2634 1104 2720 exposuit.
1122 2633 1217 2719 igitur
1230 2631 1340 2696 flentes

314 2725 575 2810 queritantesque,
594 2726 648 2810 qui
658 2727 795 2805 aderant,
814 2727 972 2794 facessere
985 2726 1341 2814 propereThraseaneu

313 2820 452 2907 pericula
466 2843 524 2886 sua
538 2821 670 2887 miscere
683 2844 755 2887 cum
774 2832 856 2888 sorte
875 2823 1014 2890 damnati
1031 2823 1179 2899 hortatur,
1198 2819 1341 2886 Arriam·

314 2936 375 2998 que
393 2924 597 3000 temptantem
615 2917 718 2981 mariti
736 2940 883 3002 suprema
901 2925 933 2982 et
949 2917 1129 3003 exemplum
1142 2913 1256 2980 Arriae
1274 2936 1341 2977 ma-

314 3009 370 3074 tris
389 3009 478 3094 sequi
497 3020 602 3076 monet
618 3011 751 3076 retinere
773 3011 871 3076 vitam
892 3011 1038 3096 filiaeque
1061 3009 1218 3076 communi
1236 3006 1340 3074 subsi-

315 3104 401 3168 dium
420 3103 547 3169 unicum
565 3128 628 3170 non
646 3105 791 3171 adimere.

264 3210 295 3258 35
379 3198 462 3263 Tum
475 3221 660 3286 progressus
674 3200 707 3264 in
719 3201 884 3287 porticum,
902 3199 1166 3284 illicaquaestore
1178 3197 1339 3284 reperitur,

313 3291 449 3357 laetitiae
471 3294 611 3378 propior,
635 3295 709 3377 quia
728 3295 923 3372 Helvidium,
951 3316 1102 3381 generum
1120 3315 1226 3369 suum,
1248 3290 1341 3354 Italia

314 3394 436 3449 tantum
450 3387 548 3450 arceri
562 3398 760 3473 cognoverat.
780 3399 908 3475 accepto
926 3389 1040 3453 dehinc
1057 3397 1184 3453 senatus
1197 3384 1340 3451 consulto

315 3477 497 3544 Helvidium
508 3489 539 3544 et
547 3479 746 3546 Demetrium
755 3483 789 3546 in
797 3482 977 3548 cubiculum
985 3482 1114 3558 inducit,
1128 3479 1340 3566 porrectisque

315 3572 478 3658 utriusque
491 3572 610 3639 brachii
620 3575 718 3653 venis,
736 3586 906 3662 postquam
919 3599 1062 3642 cruorem
1071 3575 1191 3652 effudit,
1209 3573 1339 3638 humum

316 3689 410 3754 super
424 3689 584 3756 spargens,
598 3669 726 3756 propius
740 3682 852 3736 vocato
866 3680 1031 3756 quaestore
1051 3669 1226 3750 „libamus“
1240 3666 1341 3750 inquit

317 3763 407 3844 „Iovi
419 3763 586 3830 liberatori.
606 3775 722 3850 specta,
736 3765 873 3845 iuvenis3
892 3775 923 3830 et
936 3788 1030 3831 omen
1043 3765 1170 3850 quidem
1180 3762 1224 3828 dii
1236 3760 1342 3847 prohi-

315 3855 422 3923 beant:
441 3868 579 3924 ceterum
591 3859 624 3924 in
638 3882 676 3926 ea
692 3870 833 3945 tempora
846 3869 938 3926 natus
952 3883 997 3939 es,
1012 3859 1127 3944 quibus
1141 3857 1264 3922 firmare
1274 3854 1341 3920 ani·

315 3975 402 4016 mum
415 3953 560 4038 expediat
570 3954 784 4020 constantibus
795 3955 977 4041 exemplis.“
996 3963 1068 4040 post
1078 3945 1262 4018 lentitudine
1276 3949 1341 4014 exi·

316 4051 366 4110 tus
376 4068 488 4132 graves
499 4047 652 4115 cruciatus
662 4049 821 4127 afferente,
840 4049 981 4116 obversis
992 4045 1341 4114 inDemetrium****
