2958 4960
334 419 377 486 60
640 411 645 418 ’
681 428 865 486 coauunu
883 428 1010 485 racmr

334 587 503 654 Idistaviso
520 609 635 652 nomen
653 587 826 665 deducunt3
853 587 881 652 is
905 587 1026 652 medius
1048 587 1130 653 inter
1146 524 1375 676 Vistugihribit·

334 685 444 763 colles,
467 692 503 748 ut
519 683 606 768 ripae
623 682 761 748 fluminis
779 682 894 748 cedunt
911 691 965 748 aut
981 682 1188 769 prominentia
1205 683 1373 754 montium
1470 756 1471 782 ¹

333 779 491 855 resistunt,
518 776 724 861 inaequaliter
743 776 899 854 sinuatur3
925 799 1009 861 pone
1031 786 1154 864 tergum
1175 777 1373 864 insurgebat
1470 783 1471 856 J

335 873 428 950 silva,
456 871 547 937 editis
569 871 602 936 in
619 872 718 936 altum
735 871 830 936 ramis
849 880 880 936 et
901 893 981 956 pura
997 871 1094 938 humo
1115 873 1196 937 inter
1213 873 1371 938 arborum

335 979 476 1045 truncos:
494 987 640 1052 campum
658 975 690 1030 et
705 965 814 1050 prima
824 965 975 1030 silvanrm
991 966 1126 1032 barbara
1142 967 1225 1032 acies
1244 969 1369 1045 tenuit;

335 1063 393 1129 soli
420 1060 573 1127 Cherusci
602 1060 678 1146 iuga
707 1059 863 1137 insedere,
895 1068 930 1124 ut
955 1059 1179 1144 proeliantibus
1205 1061 1370 1126 Romanis

334 1159 469 1242 desuper
485 1157 685 1221 incurrerent.
709 1163 814 1220 noster
832 1155 986 1219 exercitus
1005 1155 1051 1220 sio
1067 1155 1209 1220 incessit:
1228 1156 1370 1222 auxilia

293 1297 298 1305 -
333 1274 384 1318 res
403 1249 488 1318 Galli
507 1248 720 1333 Germanique
736 1249 770 1313 in
788 1248 899 1326 fronte,
926 1257 999 1334 post
1020 1270 1100 1334 quos
1117 1250 1238 1336 pedites
1262 1252 1369 1338 sagit-

334 1347 417 1423 tarii3
436 1345 509 1409 dein
526 1353 672 1428 quattuor
688 1343 828 1429 legiones
846 1352 877 1406 et
894 1365 974 1428 cum⁸
984 1342 1107 1409 duabus
1125 1341 1289 1429 praetoriis
1307 1367 1368 1410 co-

333 1437 474 1505 hortibus
505 1460 543 1502 ac
568 1437 688 1504 delecto
719 1437 822 1521 equite
850 1435 986 1516 Caesam
1021 1437 1093 1502 exin
1123 1439 1252 1503 totidem
1280 1439 1366 1506 aliae

334 1533 474 1619 legiones
496 1541 527 1596 et
548 1531 627 1596 levis
649 1538 805 1600 armatura
827 1553 899 1596 cum
917 1532 1020 1614 equite
1043 1532 1204 1618 sagittario
1222 1542 1366 1598 ceterae-

334 1649 395 1711 que
427 1625 582 1691 socicrum
609 1624 762 1690 cohortes.
798 1625 934 1690 intentus
965 1634 1156 1709 paratusque
1186 1627 1292 1705 miles,
1324 1638 1366 1705 ut

287 1743 314 1788 ιτ
333 1719 409 1788 ordo
427 1719 562 1805 agminis
580 1718 613 1783 in
631 1717 731 1783 aciem
749 1719 922 1784 adsisteret.
957 1719 1035 1784 visis
1055 1718 1290 1785 Cheruscorum
1308 1742 1365 1786 ca-

333 1812 443 1891 tervis,
461 1834 542 1896 quae
559 1834 616 1898 per
633 1811 783 1878 ferociam
799 1821 1017 1897 proruperant,
1040 1812 1252 1880 ,validissimos
1271 1814 1364 1898 equi-

333 1919 400 1973 tum
426 1907 582 1984 incurrere
604 1906 701 1984 latus,
730 1903 914 1970 Stertinium
936 1927 1008 1970 cum
1031 1907 1143 1972 ceteris
1166 1907 1277 1972 turmis
1300 1909 1363 1972 cir-

333 2000 496 2088 cumgredi
512 2010 664 2087 tergaque
684 2000 831 2065 invadere
849 1999 949 2076 iubet,
973 2000 1091 2086 ipsein
1109 2010 1248 2086 tempore
1267 2001 1362 2066 adfu-

333 2106 431 2162 turus.
457 2094 576 2160 interea
587 2091 831 2181 pulcherrimum
844 2095 1019 2180 augurium,
1034 2103 1106 2160 octo
1118 2095 1242 2179 aquilae
1251 2105 1361 2181 petere

333 2190 429 2254 silvas
451 2196 483 2253 et
502 2188 618 2253 inuare
640 2188 727 2254 visae
749 2189 968 2274 imperatorem
989 2187 1165 2267 advertere3
1188 2188 1359 2254 exclamat:

332 2283 426 2359 irent,
453 2291 657 2364 sequerentur
674 2282 836 2346 Romanas
854 2303 944 2359 aves,
970 2282 1098 2367 propria
1119 2281 1279 2368 legionum
1301 2306 1363 2348 nu-

333 2375 426 2446 mina.
454 2373 548 2438 simul
563 2375 716 2458 pedestris
735 2375 818 2439 acies
840 2374 971 2440 infertur
994 2384 1026 2440 et
1046 2376 1239 2460 praemissus
1258 2398 1356 2460 eques

332 2477 506 2553 postremos
525 2489 562 2531 ac
575 2467 673 2532 latera
684 2467 816 2553 impulit,
835 2469 1010 2552 mirumque
1028 2469 1124 2548 dictu,
1144 2471 1207 2535 duo
1220 2469 1359 2536 hostium

332 2559 459 2646 agmina
476 2559 599 2625 diversa
616 2560 703 2646 suga,
722 2561 776 2645 qui
794 2561 906 2626 silvam
924 2570 1097 2638 tenuerant,
1115 2563 1148 2627 in
1168 2573 1285 2649 aperta,
1306 2565 1362 2648 qui

332 2652 451 2739 campis
466 2653 657 2731 adstiterant,
670 2654 704 2718 in
718 2653 828 2720 silvam
842 2655 975 2720 ruebant
980 2681 989 2734 3
1008 2656 1103 2720 medii
1115 2656 1263 2722 interhos
1274 2656 1362 2722 Che-

319 2748 417 2826 rusci
434 2747 566 2814 collibus
584 2748 842 2829 detrudebautur3
861 2751 941 2816 inter
958 2773 1038 2836 quos
1052 2753 1184 2839 insignis
1193 2751 1361 2818 Arminius

331 2865 440 2921 manu,
459 2864 551 2920 voce,
574 2842 717 2923 vulnere,
742 2843 938 2910 sustentabat
954 2868 1095 2932 pugnam
1112 2845 1361 2930 incubueratque

332 2936 510 3024 sagittariis,
528 2937 582 3002 illa
599 2947 757 3023 rupturus,
780 2939 813 3004 ni
829 2938 1001 3004 Raetorum
1010 2939 1311 3024 Vindelicorumque
1330 2949 1362 3004 et

334 3029 474 3098 Gallicae
492 3031 636 3097 cohortes
658 3032 750 3120 signa
771 3031 973 3111 obiecissent3
1000 3033 1073 3098 nisu
1095 3042 1201 3099 tamen
1219 3034 1361 3119 corporis

332 3135 364 3190 et
376 3125 496 3214 impetu
504 3126 577 3211 equi
585 3128 732 3213 pervasit,
747 3127 862 3194 oblitus
872 3126 985 3192 faciem
999 3150 1057 3192 suo
1067 3149 1185 3205 cruore,
1199 3149 1362 3193 nanosce-

331 3229 429 3298 retur3
456 3220 585 3303 quidam
602 3220 765 3306 adgnitum
783 3245 803 3286 a
821 3219 959 3286 Chaucis
981 3221 1062 3285 inter
1079 3221 1196 3287 auxilia
1213 3220 1362 3286 Romana

332 3310 497 3398 agentibus
511 3313 724 3397 emissumque
738 3315 941 3380 tradiderunt.
964 3314 1062 3380 virtus
1077 3336 1134 3380 seu
1147 3315 1234 3380 fraus
1248 3315 1362 3380 eadem

331 3404 532 3490 Inguiomero
550 3405 704 3492 effugium
716 3407 816 3472 dedit:
835 3408 929 3472 ceteri
941 3408 1061 3493 passim
1075 3406 1230 3486 trucidati,
1249 3419 1281 3474 et
1293 3408 1364 3495 ple-

329 3518 444 3580 rosque
453 3504 575 3562 tranare
584 3497 747 3585 Visurgim
761 3509 909 3566 conantes
923 3502 1038 3567 iniecta
1051 3502 1113 3567 tela
1126 3511 1181 3567 aut
1194 3503 1242 3568 vis
1256 3502 1362 3568 flumi-

330 3590 389 3667 nis,
407 3598 566 3675 postremc
579 3591 678 3656 moles
693 3594 849 3658 mentium
864 3604 895 3659 et
907 3595 1080 3662 incidentes
1092 3597 1179 3682 ripae
1193 3618 1361 3684 operuere:

330 3683 457 3770 quidam
485 3685 568 3770 turpi
589 3685 667 3772 suga
688 3685 722 3752 in
744 3710 868 3754 summa
889 3689 1036 3756 arborum
1059 3690 1121 3756 nisi
1142 3691 1302 3775 ramisque
1326 3713 1361 3757 se

331 3776 521 3844 occultantes
544 3779 678 3846 admotis
701 3780 869 3868 sagittariis
890 3805 948 3869 per
972 3783 1144 3850 ludibrium
1166 3783 1360 3872 figebantur3

331 3872 408 3938 alios
426 3882 572 3958 prorutae
589 3873 715 3940 arbores
734 3874 891 3940 adflixere.

284 3983 312 4030 18
394 3965 516 4054 Magna
533 3991 571 4034 ea
588 3967 717 4036 victoria
733 3991 834 4053 neque
852 3981 979 4036 cruenta
992 3971 1083 4038 nobis
1098 3971 1174 4037 suit:
1193 3971 1305 4056 quinta
1318 3971 1361 4038 ab

331 4057 409 4124 hora
434 4060 496 4124 diei
522 4062 562 4126 ad
584 4072 707 4129 noctem
729 4064 812 4130 caesi
833 4063 940 4131 hostes
962 4064 1073 4130 decem
1095 4066 1182 4130 milia
1203 4087 1360 4151 passuum

332 4151 536 4220 cadaveribus
559 4166 652 4241 atque
675 4159 768 4224 armis
791 4159 970 4246 opplevere,
998 4159 1128 4246 repertis
1151 4159 1232 4224 iuter
1258 4157 1360 4245 spolia
