<?xml version="1.0" encoding="UTF-8"?>
<!DOCTYPE html PUBLIC "-//W3C//DTD XHTML 1.0 Transitional//EN"
    "http://www.w3.org/TR/xhtml1/DTD/xhtml1-transitional.dtd">
<html xmlns="http://www.w3.org/1999/xhtml" xml:lang="en" lang="en">
 <head>
  <title>
</title>
<meta http-equiv="Content-Type" content="text/html;charset=utf-8" />
  <meta name='ocr-system' content='tesseract 3.04.00' />
  <meta name='ocr-capabilities' content='ocr_page ocr_carea ocr_par ocr_line ocrx_word'/>
</head>
<body>
  <div class='ocr_page' id='page_1' title='image "./corneliitacitio00haasgoog_0121.png"; bbox 0 0 2958 4960; ppageno 0'>
   <div class='ocr_carea' id='block_1_1' title="bbox 326 447 1018 517">
    <p class='ocr_par' dir='ltr' id='par_1_1' title="bbox 326 447 1018 517">
     <span class='ocr_line' id='line_1_1' title="bbox 326 447 1018 517; baseline -0.003 -4"><span class='ocrx_word' id='word_1_1' title='bbox 326 447 370 514; x_wconf 85' lang='grc'><strong>44</strong></span> <span class='ocrx_word' id='word_1_2' title='bbox 488 453 490 460; x_wconf 76' lang='grc'>’</span> <span class='ocrx_word' id='word_1_3' title='bbox 692 455 876 517; x_wconf 81' lang='lat' dir='ltr'>CORNELII</span> <span class='ocrx_word' id='word_1_4' title='bbox 889 455 1018 514; x_wconf 81' lang='lat' dir='ltr'><strong>TACITI</strong></span> 
     </span>
    </p>
   </div>
   <div class='ocr_carea' id='block_1_2' title="bbox 325 551 1406 1208">
    <p class='ocr_par' dir='ltr' id='par_1_2' title="bbox 325 551 1406 1208">
     <span class='ocr_line' id='line_1_2' title="bbox 1239 551 1348 592; baseline 0.037 -4"><span class='ocrx_word' id='word_1_5' title='bbox 1239 551 1348 592; x_wconf 73' lang='lat' dir='ltr'><strong>amitt.</strong></span> 
     </span>
     <span class='ocr_line' id='line_1_3' title="bbox 325 609 1346 684; baseline -0.002 -14"><span class='ocrx_word' id='word_1_6' title='bbox 325 617 428 670; x_wconf 86' lang='lat' dir='ltr'><strong>luctus.</strong></span> <span class='ocrx_word' id='word_1_7' title='bbox 462 613 505 668; x_wconf 89' lang='lat'><strong>83.</strong></span> <span class='ocrx_word' id='word_1_8' title='bbox 518 613 641 678; x_wconf 86' lang='lat' dir='ltr'><strong>honores</strong></span> <span class='ocrx_word' id='word_1_9' title='bbox 655 611 681 666; x_wconf 90' lang='lat' dir='ltr'><strong>ei</strong></span> <span class='ocrx_word' id='word_1_10' title='bbox 695 611 811 667; x_wconf 86' lang='lat' dir='ltr'><strong>decreti.</strong></span> <span class='ocrx_word' id='word_1_11' title='bbox 846 609 985 667; x_wconf 72' lang='lat' dir='ltr'><strong>saltria</strong></span> <span class='ocrx_word' id='word_1_12' title='bbox 997 610 1093 666; x_wconf 87' lang='lat' dir='ltr'><strong>Druso</strong></span> <span class='ocrx_word' id='word_1_13' title='bbox 1108 612 1246 682; x_wconf 86' lang='lat' dir='ltr'><strong>gemellos</strong></span> <span class='ocrx_word' id='word_1_14' title='bbox 1263 615 1346 684; x_wconf 86' lang='lat' dir='ltr'><strong>parit.</strong></span> 
     </span>
     <span class='ocr_line' id='line_1_4' title="bbox 325 685 1345 758; baseline -0.002 -10"><span class='ocrx_word' id='word_1_15' title='bbox 325 693 367 748; x_wconf 80' lang='lat'><strong>85.</strong></span> <span class='ocrx_word' id='word_1_16' title='bbox 379 690 450 746; x_wconf 84' lang='lat' dir='ltr'><strong>scita</strong></span> <span class='ocrx_word' id='word_1_17' title='bbox 458 689 488 744; x_wconf 91' lang='lat' dir='ltr'><strong>in</strong></span> <span class='ocrx_word' id='word_1_18' title='bbox 502 689 648 744; x_wconf 86' lang='lat' dir='ltr'><strong>libidinem</strong></span> <span class='ocrx_word' id='word_1_19' title='bbox 657 687 814 743; x_wconf 89' lang='lat' dir='ltr'><strong>mulierum.</strong></span> <span class='ocrx_word' id='word_1_20' title='bbox 830 687 915 757; x_wconf 88' lang='lat' dir='ltr'><strong>pulsa</strong></span> <span class='ocrx_word' id='word_1_21' title='bbox 931 704 1013 742; x_wconf 86' lang='lat' dir='ltr'><strong>sacra</strong></span> <span class='ocrx_word' id='word_1_22' title='bbox 1022 685 1167 758; x_wconf 85' lang='lat' dir='ltr'><strong>Aegyptia</strong></span> <span class='ocrx_word' id='word_1_23' title='bbox 1182 689 1345 746; x_wconf 83' lang='lat' dir='ltr'><strong>etludaica.</strong></span> 
     </span>
     <span class='ocr_line' id='line_1_5' title="bbox 325 764 1347 838; baseline -0.002 -14"><span class='ocrx_word' id='word_1_24' title='bbox 325 769 367 824; x_wconf 86' lang='grc'><strong>86.</strong></span> <span class='ocrx_word' id='word_1_25' title='bbox 379 765 600 838; x_wconf 85' lang='lat' dir='ltr'><strong>captaVcstalis.</strong></span> <span class='ocrx_word' id='word_1_26' title='bbox 618 767 660 820; x_wconf 80' lang='grc'><strong>87.</strong></span> <span class='ocrx_word' id='word_1_27' title='bbox 669 764 810 819; x_wconf 84' lang='lat' dir='ltr'><strong>frumento</strong></span> <span class='ocrx_word' id='word_1_28' title='bbox 820 764 940 833; x_wconf 89' lang='lat' dir='ltr'><strong>pretium</strong></span> <span class='ocrx_word' id='word_1_29' title='bbox 950 765 1140 818; x_wconf 88' lang='lat' dir='ltr'><strong>constitutum.</strong></span> <span class='ocrx_word' id='word_1_30' title='bbox 1158 782 1249 820; x_wconf 79' lang='lat' dir='ltr'><strong>novos</strong></span> <span class='ocrx_word' id='word_1_31' title='bbox 1259 767 1347 822; x_wconf 92' lang='lat' dir='ltr'><strong>hono·</strong></span> 
     </span>
     <span class='ocr_line' id='line_1_6' title="bbox 325 839 1209 911; baseline -0.003 -11"><span class='ocrx_word' id='word_1_32' title='bbox 325 849 528 901; x_wconf 85' lang='lat' dir='ltr'><strong>rosaversatur</strong></span> <span class='ocrx_word' id='word_1_33' title='bbox 536 841 675 900; x_wconf 84' lang='lat' dir='ltr'><strong>Tiberius.</strong></span> <span class='ocrx_word' id='word_1_34' title='bbox 693 842 734 897; x_wconf 84' lang='lat'><strong>88.</strong></span> <span class='ocrx_word' id='word_1_35' title='bbox 744 839 861 894; x_wconf 89' lang='lat' dir='ltr'><strong>Arminii</strong></span> <span class='ocrx_word' id='word_1_36' title='bbox 870 842 973 898; x_wconf 87' lang='lat' dir='ltr'><strong>caedes</strong></span> <span class='ocrx_word' id='word_1_37' title='bbox 983 847 1012 896; x_wconf 86' lang='lat' dir='ltr'><strong>et</strong></span> <span class='ocrx_word' id='word_1_38' title='bbox 1020 842 1209 911; x_wconf 89' lang='lat' dir='ltr'><strong>praeconium.</strong></span> 
     </span>
     <span class='ocr_line' id='line_1_7' title="bbox 376 916 1406 992; baseline 0.001 -16"><span class='ocrx_word' id='word_1_39' title='bbox 376 921 458 976; x_wconf 89' lang='lat' dir='ltr'><strong>Haec</strong></span> <span class='ocrx_word' id='word_1_40' title='bbox 471 925 554 992; x_wconf 84' lang='lat' dir='ltr'><strong>gesta</strong></span> <span class='ocrx_word' id='word_1_41' title='bbox 567 919 649 975; x_wconf 85' lang='lat' dir='ltr'><strong>annis</strong></span> <span class='ocrx_word' id='word_1_42' title='bbox 663 922 805 990; x_wconf 88' lang='lat' dir='ltr'><strong>quattuor,</strong></span> <span class='ocrx_word' id='word_1_43' title='bbox 824 933 897 972; x_wconf 83' lang='lat' dir='ltr'><strong>coss.</strong></span> <span class='ocrx_word' id='word_1_44' title='bbox 907 917 942 972; x_wconf 86' lang='grc' dir='ltr'><strong>Τ.</strong></span> <span class='ocrx_word' id='word_1_45' title='bbox 957 916 1068 972; x_wconf 75' lang='lat' dir='ltr'><strong>Statilio</strong></span> <span class='ocrx_word' id='word_1_46' title='bbox 1080 917 1201 974; x_wconf 80' lang='lat' dir='ltr'><strong>Sisenna</strong></span> <span class='ocrx_word' id='word_1_47' title='bbox 1211 920 1309 976; x_wconf 84' lang='lat' dir='ltr'><strong>Tauro</strong></span> <span class='ocrx_word' id='word_1_48' title='bbox 1319 928 1349 977; x_wconf 88' lang='lat' dir='ltr'><strong>et</strong></span> <span class='ocrx_word' id='word_1_49' title='bbox 1401 921 1406 930; x_wconf 87' lang='lat'>&#39;</span> 
     </span>
     <span class='ocr_line' id='line_1_8' title="bbox 325 993 1347 1068; baseline 0 -16"><span class='ocrx_word' id='word_1_50' title='bbox 325 998 360 1053; x_wconf 89' lang='lat' dir='ltr'><strong>L.</strong></span> <span class='ocrx_word' id='word_1_51' title='bbox 370 996 518 1054; x_wconf 84' lang='lat' dir='ltr'><strong>Scribonio</strong></span> <span class='ocrx_word' id='word_1_52' title='bbox 532 996 654 1065; x_wconf 86' lang='lat' dir='ltr'><strong>Libona,</strong></span> <span class='ocrx_word' id='word_1_53' title='bbox 668 993 698 1050; x_wconf 82' lang='lat' dir='ltr'><strong>O.</strong></span> <span class='ocrx_word' id='word_1_54' title='bbox 713 993 810 1053; x_wconf 74' lang='lat' dir='ltr'><strong>Caelio</strong></span> <span class='ocrx_word' id='word_1_55' title='bbox 820 993 896 1048; x_wconf 84' lang='lat' dir='ltr'><strong>Rufo</strong></span> <span class='ocrx_word' id='word_1_56' title='bbox 910 1000 940 1050; x_wconf 86' lang='lat' dir='ltr'><strong>et</strong></span> <span class='ocrx_word' id='word_1_57' title='bbox 953 995 987 1048; x_wconf 85' lang='lat' dir='ltr'><strong>L.</strong></span> <span class='ocrx_word' id='word_1_58' title='bbox 1000 995 1159 1066; x_wconf 89' lang='lat' dir='ltr'><strong>Pomponio</strong></span> <span class='ocrx_word' id='word_1_59' title='bbox 1172 997 1290 1068; x_wconf 81' lang='lat' dir='ltr'><strong>Flacco,</strong></span> <span class='ocrx_word' id='word_1_60' title='bbox 1305 999 1347 1052; x_wconf 84' lang='lat' dir='ltr'><strong>Ti</strong></span> 
     </span>
     <span class='ocr_line' id='line_1_9' title="bbox 327 1070 1348 1144; baseline 0 -13"><span class='ocrx_word' id='word_1_61' title='bbox 327 1074 449 1131; x_wconf 82' lang='lat' dir='ltr'><strong>Caesare</strong></span> <span class='ocrx_word' id='word_1_62' title='bbox 458 1073 589 1144; x_wconf 86' lang='lat' dir='ltr'><strong>Augusto</strong></span> <span class='ocrx_word' id='word_1_63' title='bbox 598 1073 651 1128; x_wconf 81' lang='lat' dir='ltr'><strong>HJ.</strong></span> <span class='ocrx_word' id='word_1_64' title='bbox 666 1077 695 1128; x_wconf 90' lang='lat' dir='ltr'><strong>et</strong></span> <span class='ocrx_word' id='word_1_65' title='bbox 705 1070 873 1128; x_wconf 80' lang='lat' dir='ltr'><strong>Germanico</strong></span> <span class='ocrx_word' id='word_1_66' title='bbox 884 1070 1006 1127; x_wconf 77' lang='lat' dir='ltr'><strong>Caesare</strong></span> <span class='ocrx_word' id='word_1_67' title='bbox 1015 1071 1054 1142; x_wconf 89' lang='lat'><strong>11,</strong></span> <span class='ocrx_word' id='word_1_68' title='bbox 1064 1072 1195 1129; x_wconf 90' lang='lat' dir='ltr'><strong>M.Iunio</strong></span> <span class='ocrx_word' id='word_1_69' title='bbox 1206 1071 1305 1130; x_wconf 81' lang='lat' dir='ltr'><strong>Silano</strong></span> <span class='ocrx_word' id='word_1_70' title='bbox 1320 1082 1348 1131; x_wconf 89' lang='lat' dir='ltr'><strong>et</strong></span> 
     </span>
     <span class='ocr_line' id='line_1_10' title="bbox 327 1151 627 1208; baseline -0.013 1"><span class='ocrx_word' id='word_1_71' title='bbox 327 1151 627 1208; x_wconf 83' lang='lat' dir='ltr'><strong>C.NorbanoFlacco.</strong></span> 
     </span>
    </p>
   </div>
   <div class='ocr_carea' id='block_1_3' title="bbox 294 1357 1353 2945">
    <p class='ocr_par' dir='ltr' id='par_1_3' title="bbox 295 1357 1351 2196">
     <span class='ocr_line' id='line_1_11' title="bbox 295 1357 1349 1438; baseline 0 -14"><span class='ocrx_word' id='word_1_72' title='bbox 295 1377 306 1424; x_wconf 95' lang='lat'>1</span> <span class='ocrx_word' id='word_1_73' title='bbox 392 1357 522 1426; x_wconf 77' lang='lat' dir='ltr'><strong>Saarna</strong></span> <span class='ocrx_word' id='word_1_74' title='bbox 546 1357 686 1428; x_wconf 74' lang='lat' dir='ltr'><strong>Sammo</strong></span> <span class='ocrx_word' id='word_1_75' title='bbox 709 1358 831 1438; x_wconf 73' lang='lat' dir='ltr'><strong>Tauno,</strong></span> <span class='ocrx_word' id='word_1_76' title='bbox 861 1359 903 1424; x_wconf 83' lang='lat' dir='ltr'><strong>L.</strong></span> <span class='ocrx_word' id='word_1_77' title='bbox 920 1359 1040 1425; x_wconf 83' lang='lat' dir='ltr'><strong>Lmoaa</strong></span> <span class='ocrx_word' id='word_1_78' title='bbox 1059 1357 1239 1426; x_wconf 86' lang='lat' dir='ltr'><strong>oonsulibus</strong></span> <span class='ocrx_word' id='word_1_79' title='bbox 1262 1377 1349 1425; x_wconf 84' lang='lat' dir='ltr'><strong>mota</strong></span> 
     </span>
     <span class='ocr_line' id='line_1_12' title="bbox 328 1451 1349 1539; baseline 0 -21"><span class='ocrx_word' id='word_1_80' title='bbox 328 1451 466 1518; x_wconf 79' lang='lat' dir='ltr'><strong>Orientis</strong></span> <span class='ocrx_word' id='word_1_81' title='bbox 483 1475 581 1539; x_wconf 88' lang='lat' dir='ltr'><strong>regna</strong></span> <span class='ocrx_word' id='word_1_82' title='bbox 597 1452 837 1538; x_wconf 89' lang='lat' dir='ltr'><strong>provinciaeque</strong></span> <span class='ocrx_word' id='word_1_83' title='bbox 854 1451 1029 1532; x_wconf 88' lang='lat' dir='ltr'><strong>Romanae,</strong></span> <span class='ocrx_word' id='word_1_84' title='bbox 1057 1452 1145 1519; x_wconf 91' lang='lat' dir='ltr'><strong>initio</strong></span> <span class='ocrx_word' id='word_1_85' title='bbox 1167 1454 1252 1539; x_wconf 89' lang='lat' dir='ltr'><strong>apud</strong></span> <span class='ocrx_word' id='word_1_86' title='bbox 1269 1452 1349 1518; x_wconf 88' lang='lat' dir='ltr'><strong>Par-</strong></span> 
     </span>
     <span class='ocr_line' id='line_1_13' title="bbox 325 1546 1349 1633; baseline 0.002 -23"><span class='ocrx_word' id='word_1_87' title='bbox 325 1547 397 1610; x_wconf 90' lang='lat' dir='ltr'><strong>thos</strong></span> <span class='ocrx_word' id='word_1_88' title='bbox 415 1556 496 1623; x_wconf 87' lang='lat' dir='ltr'><strong>orto,</strong></span> <span class='ocrx_word' id='word_1_89' title='bbox 515 1547 570 1630; x_wconf 90' lang='lat' dir='ltr'><strong>qui</strong></span> <span class='ocrx_word' id='word_1_90' title='bbox 586 1546 717 1632; x_wconf 90' lang='lat' dir='ltr'><strong>petitum</strong></span> <span class='ocrx_word' id='word_1_91' title='bbox 735 1546 838 1611; x_wconf 88' lang='lat' dir='ltr'><strong>Roma</strong></span> <span class='ocrx_word' id='word_1_92' title='bbox 855 1555 1079 1631; x_wconf 89' lang='lat' dir='ltr'><strong>acceptumque</strong></span> <span class='ocrx_word' id='word_1_93' title='bbox 1096 1568 1217 1633; x_wconf 88' lang='lat' dir='ltr'><strong>regem,</strong></span> <span class='ocrx_word' id='word_1_94' title='bbox 1236 1568 1349 1630; x_wconf 89' lang='lat' dir='ltr'><strong>quam-</strong></span> 
     </span>
     <span class='ocr_line' id='line_1_14' title="bbox 326 1638 1348 1726; baseline 0.001 -22"><span class='ocrx_word' id='word_1_95' title='bbox 326 1640 373 1704; x_wconf 89' lang='lat' dir='ltr'><strong>vis</strong></span> <span class='ocrx_word' id='word_1_96' title='bbox 400 1640 501 1726; x_wconf 87' lang='lat' dir='ltr'><strong>gentis</strong></span> <span class='ocrx_word' id='word_1_97' title='bbox 523 1640 762 1718; x_wconf 80' lang='lat' dir='ltr'><strong>Arsacidarum,</strong></span> <span class='ocrx_word' id='word_1_98' title='bbox 788 1649 824 1703; x_wconf 90' lang='lat' dir='ltr'><strong>ut</strong></span> <span class='ocrx_word' id='word_1_99' title='bbox 849 1648 1012 1705; x_wconf 89' lang='lat' dir='ltr'><strong>externum</strong></span> <span class='ocrx_word' id='word_1_100' title='bbox 1034 1638 1294 1725; x_wconf 80' lang='lat' dir='ltr'><strong>aspernabantur:</strong></span> <span class='ocrx_word' id='word_1_101' title='bbox 1321 1641 1348 1706; x_wconf 87' lang='lat' dir='ltr'><strong>is</strong></span> 
     </span>
     <span class='ocr_line' id='line_1_15' title="bbox 326 1732 1350 1822; baseline 0.002 -25"><span class='ocrx_word' id='word_1_102' title='bbox 326 1732 386 1798; x_wconf 91' lang='lat' dir='ltr'><strong>suit</strong></span> <span class='ocrx_word' id='word_1_103' title='bbox 395 1733 554 1811; x_wconf 89' lang='lat' dir='ltr'><strong>Vonones,</strong></span> <span class='ocrx_word' id='word_1_104' title='bbox 574 1733 667 1800; x_wconf 88' lang='lat' dir='ltr'><strong>obses</strong></span> <span class='ocrx_word' id='word_1_105' title='bbox 676 1732 824 1822; x_wconf 89' lang='lat' dir='ltr'><strong>Augusto</strong></span> <span class='ocrx_word' id='word_1_106' title='bbox 837 1733 930 1798; x_wconf 88' lang='lat' dir='ltr'><strong>datus</strong></span> <span class='ocrx_word' id='word_1_107' title='bbox 944 1732 1108 1798; x_wconf 86' lang='lat' dir='ltr'><strong>aPhraate</strong></span> <span class='ocrx_word' id='word_1_108' title='bbox 1113 1759 1122 1812; x_wconf 83' lang='lat'>3</span> <span class='ocrx_word' id='word_1_109' title='bbox 1140 1757 1215 1798; x_wconf 88' lang='lat' dir='ltr'><strong>nam</strong></span> <span class='ocrx_word' id='word_1_110' title='bbox 1226 1733 1350 1799; x_wconf 84' lang='lat' dir='ltr'><strong>Phraa—</strong></span> 
     </span>
     <span class='ocr_line' id='line_1_16' title="bbox 326 1827 1349 1912; baseline 0 -20"><span class='ocrx_word' id='word_1_111' title='bbox 326 1837 373 1894; x_wconf 87' lang='lat' dir='ltr'><strong>tes</strong></span> <span class='ocrx_word' id='word_1_112' title='bbox 400 1849 590 1912; x_wconf 88' lang='lat' dir='ltr'><strong>quamquam</strong></span> <span class='ocrx_word' id='word_1_113' title='bbox 616 1827 788 1912; x_wconf 84' lang='lat' dir='ltr'><strong>depulisset</strong></span> <span class='ocrx_word' id='word_1_114' title='bbox 813 1827 967 1892; x_wconf 85' lang='lat' dir='ltr'><strong>exercitus</strong></span> <span class='ocrx_word' id='word_1_115' title='bbox 994 1827 1153 1911; x_wconf 90' lang='lat' dir='ltr'><strong>ducesque</strong></span> <span class='ocrx_word' id='word_1_116' title='bbox 1175 1827 1349 1905; x_wconf 88' lang='lat' dir='ltr'><strong>Romanos,</strong></span> 
     </span>
     <span class='ocr_line' id='line_1_17' title="bbox 327 1919 1351 2008; baseline -0.003 -20"><span class='ocrx_word' id='word_1_117' title='bbox 327 1931 438 1988; x_wconf 85' lang='lat' dir='ltr'><strong>cuncta</strong></span> <span class='ocrx_word' id='word_1_118' title='bbox 454 1922 668 1986; x_wconf 84' lang='lat' dir='ltr'><strong>venerantium</strong></span> <span class='ocrx_word' id='word_1_119' title='bbox 686 1921 792 1986; x_wconf 86' lang='lat' dir='ltr'><strong>officia</strong></span> <span class='ocrx_word' id='word_1_120' title='bbox 809 1921 850 1985; x_wconf 86' lang='lat' dir='ltr'><strong>ad</strong></span> <span class='ocrx_word' id='word_1_121' title='bbox 861 1919 1045 2008; x_wconf 89' lang='lat' dir='ltr'><strong>Augustum</strong></span> <span class='ocrx_word' id='word_1_122' title='bbox 1061 1930 1197 1987; x_wconf 81' lang='lat' dir='ltr'><strong>verterat</strong></span> <span class='ocrx_word' id='word_1_123' title='bbox 1212 1930 1351 2006; x_wconf 88' lang='lat' dir='ltr'><strong>partem-</strong></span> 
     </span>
     <span class='ocr_line' id='line_1_18' title="bbox 326 2015 1350 2102; baseline 0.001 -21"><span class='ocrx_word' id='word_1_124' title='bbox 326 2039 386 2102; x_wconf 89' lang='lat' dir='ltr'><strong>que</strong></span> <span class='ocrx_word' id='word_1_125' title='bbox 399 2016 494 2102; x_wconf 89' lang='lat' dir='ltr'><strong>prolis</strong></span> <span class='ocrx_word' id='word_1_126' title='bbox 508 2015 677 2081; x_wconf 86' lang='lat' dir='ltr'><strong>firmandae</strong></span> <span class='ocrx_word' id='word_1_127' title='bbox 691 2015 844 2081; x_wconf 81' lang='lat' dir='ltr'><strong>amicitiae</strong></span> <span class='ocrx_word' id='word_1_128' title='bbox 857 2017 992 2094; x_wconf 87' lang='lat' dir='ltr'><strong>miserat,</strong></span> <span class='ocrx_word' id='word_1_129' title='bbox 1011 2015 1095 2082; x_wconf 80' lang='lat' dir='ltr'><strong>harid</strong></span> <span class='ocrx_word' id='word_1_130' title='bbox 1107 2015 1236 2101; x_wconf 88' lang='lat' dir='ltr'><strong>perinde</strong></span> <span class='ocrx_word' id='word_1_131' title='bbox 1249 2018 1350 2082; x_wconf 87' lang='lat' dir='ltr'><strong>nostri</strong></span> 
     </span>
     <span class='ocr_line' id='line_1_19' title="bbox 326 2107 977 2196; baseline -0.003 -21"><span class='ocrx_word' id='word_1_132' title='bbox 326 2119 416 2175; x_wconf 89' lang='lat' dir='ltr'><strong>metu&#39;</strong></span> <span class='ocrx_word' id='word_1_133' title='bbox 429 2133 523 2195; x_wconf 89' lang='lat' dir='ltr'><strong>quam</strong></span> <span class='ocrx_word' id='word_1_134' title='bbox 541 2110 614 2175; x_wconf 90' lang='lat' dir='ltr'><strong>fidei</strong></span> <span class='ocrx_word' id='word_1_135' title='bbox 630 2109 827 2196; x_wconf 85' lang='lat' dir='ltr'><strong>popularium</strong></span> <span class='ocrx_word' id='word_1_136' title='bbox 844 2107 977 2175; x_wconf 87' lang='lat' dir='ltr'><strong>diffisus.</strong></span> 
     </span>
    </p>

    <p class='ocr_par' dir='ltr' id='par_1_4' title="bbox 294 2202 1353 2945">
     <span class='ocr_line' id='line_1_20' title="bbox 294 2202 1350 2289; baseline 0.003 -23"><span class='ocrx_word' id='word_1_137' title='bbox 294 2219 308 2266; x_wconf 78' lang='lat' dir='ltr'><strong>a</strong></span> <span class='ocrx_word' id='word_1_138' title='bbox 390 2203 470 2269; x_wconf 84' lang='lat' dir='ltr'><strong>Post</strong></span> <span class='ocrx_word' id='word_1_139' title='bbox 486 2203 581 2272; x_wconf 86' lang='lat' dir='ltr'><strong>finem</strong></span> <span class='ocrx_word' id='word_1_140' title='bbox 597 2203 743 2271; x_wconf 84' lang='lat' dir='ltr'><strong>Phraatis</strong></span> <span class='ocrx_word' id='word_1_141' title='bbox 762 2213 793 2268; x_wconf 88' lang='lat' dir='ltr'><strong>et</strong></span> <span class='ocrx_word' id='word_1_142' title='bbox 811 2203 1006 2287; x_wconf 88' lang='lat' dir='ltr'><strong>sequentium</strong></span> <span class='ocrx_word' id='word_1_143' title='bbox 1023 2225 1134 2289; x_wconf 89' lang='lat' dir='ltr'><strong>regum</strong></span> <span class='ocrx_word' id='word_1_144' title='bbox 1152 2202 1193 2268; x_wconf 94' lang='lat' dir='ltr'><strong>ob</strong></span> <span class='ocrx_word' id='word_1_145' title='bbox 1210 2203 1350 2269; x_wconf 86' lang='lat' dir='ltr'><strong>internas</strong></span> 
     </span>
     <span class='ocr_line' id='line_1_21' title="bbox 327 2294 1352 2383; baseline 0.002 -23"><span class='ocrx_word' id='word_1_146' title='bbox 327 2297 439 2361; x_wconf 87' lang='lat' dir='ltr'><strong>caedes</strong></span> <span class='ocrx_word' id='word_1_147' title='bbox 456 2319 570 2361; x_wconf 87' lang='lat' dir='ltr'><strong>venere</strong></span> <span class='ocrx_word' id='word_1_148' title='bbox 590 2297 624 2360; x_wconf 93' lang='lat' dir='ltr'><strong>in</strong></span> <span class='ocrx_word' id='word_1_149' title='bbox 641 2297 751 2362; x_wconf 90' lang='lat' dir='ltr'><strong>urbem</strong></span> <span class='ocrx_word' id='word_1_150' title='bbox 768 2296 864 2383; x_wconf 88' lang='lat' dir='ltr'><strong>legati</strong></span> <span class='ocrx_word' id='word_1_151' title='bbox 881 2320 901 2361; x_wconf 88' lang='lat' dir='ltr'><strong>a</strong></span> <span class='ocrx_word' id='word_1_152' title='bbox 922 2295 1108 2381; x_wconf 85' lang='lat' dir='ltr'><strong>primoribus</strong></span> <span class='ocrx_word' id='word_1_153' title='bbox 1125 2294 1267 2375; x_wconf 88' lang='lat' dir='ltr'><strong>Parthis,</strong></span> <span class='ocrx_word' id='word_1_154' title='bbox 1295 2298 1352 2381; x_wconf 70' lang='lat' dir='ltr'><strong>(pri</strong></span> 
     </span>
     <span class='ocr_line' id='line_1_22' title="bbox 327 2390 1352 2476; baseline -0.001 -21"><span class='ocrx_word' id='word_1_155' title='bbox 327 2390 501 2468; x_wconf 87' lang='lat' dir='ltr'><strong>Vononem,</strong></span> <span class='ocrx_word' id='word_1_156' title='bbox 521 2390 766 2456; x_wconf 86' lang='lat' dir='ltr'><strong>vetustissimum</strong></span> <span class='ocrx_word' id='word_1_157' title='bbox 784 2390 951 2456; x_wconf 88' lang='lat' dir='ltr'><strong>liberorum</strong></span> <span class='ocrx_word' id='word_1_158' title='bbox 965 2391 1042 2468; x_wconf 90' lang='lat' dir='ltr'><strong>eius,</strong></span> <span class='ocrx_word' id='word_1_159' title='bbox 1061 2390 1205 2454; x_wconf 90' lang='lat' dir='ltr'><strong>accirent.</strong></span> <span class='ocrx_word' id='word_1_160' title='bbox 1227 2391 1352 2476; x_wconf 89' lang='lat' dir='ltr'><strong>magni-</strong></span> 
     </span>
     <span class='ocr_line' id='line_1_23' title="bbox 327 2481 1351 2570; baseline 0.004 -24"><span class='ocrx_word' id='word_1_161' title='bbox 327 2483 421 2547; x_wconf 89' lang='lat' dir='ltr'><strong>ficum</strong></span> <span class='ocrx_word' id='word_1_162' title='bbox 439 2482 471 2546; x_wconf 92' lang='lat' dir='ltr'><strong>id</strong></span> <span class='ocrx_word' id='word_1_163' title='bbox 489 2481 549 2547; x_wconf 80' lang='lat' dir='ltr'><strong>sibi</strong></span> <span class='ocrx_word' id='word_1_164' title='bbox 566 2483 697 2548; x_wconf 90' lang='lat' dir='ltr'><strong>credidit</strong></span> <span class='ocrx_word' id='word_1_165' title='bbox 707 2483 826 2549; x_wconf 87' lang='lat' dir='ltr'><strong>Caesar</strong></span> <span class='ocrx_word' id='word_1_166' title='bbox 843 2485 991 2568; x_wconf 86' lang='lat' dir='ltr'><strong>auxitque</strong></span> <span class='ocrx_word' id='word_1_167' title='bbox 1009 2483 1132 2569; x_wconf 89' lang='lat' dir='ltr'><strong>opibus,</strong></span> <span class='ocrx_word' id='word_1_168' title='bbox 1152 2493 1183 2548; x_wconf 90' lang='lat' dir='ltr'><strong>et</strong></span> <span class='ocrx_word' id='word_1_169' title='bbox 1200 2506 1351 2570; x_wconf 88' lang='lat' dir='ltr'><strong>accepere</strong></span> 
     </span>
     <span class='ocr_line' id='line_1_24' title="bbox 327 2574 1352 2664; baseline 0.001 -22"><span class='ocrx_word' id='word_1_170' title='bbox 327 2574 451 2642; x_wconf 90' lang='lat' dir='ltr'><strong>barbari</strong></span> <span class='ocrx_word' id='word_1_171' title='bbox 472 2576 638 2655; x_wconf 83' lang='lat' dir='ltr'><strong>laetantes,</strong></span> <span class='ocrx_word' id='word_1_172' title='bbox 655 2588 692 2642; x_wconf 89' lang='lat' dir='ltr'><strong>ut</strong></span> <span class='ocrx_word' id='word_1_173' title='bbox 711 2577 811 2642; x_wconf 82' lang='lat' dir='ltr'><strong>ferme</strong></span> <span class='ocrx_word' id='word_1_174' title='bbox 831 2579 873 2642; x_wconf 92' lang='lat' dir='ltr'><strong>ad</strong></span> <span class='ocrx_word' id='word_1_175' title='bbox 890 2601 973 2643; x_wconf 91' lang='lat' dir='ltr'><strong>nova</strong></span> <span class='ocrx_word' id='word_1_176' title='bbox 990 2579 1128 2664; x_wconf 90' lang='lat' dir='ltr'><strong>imperia.</strong></span> <span class='ocrx_word' id='word_1_177' title='bbox 1161 2601 1235 2643; x_wconf 89' lang='lat' dir='ltr'><strong>mox</strong></span> <span class='ocrx_word' id='word_1_178' title='bbox 1253 2577 1352 2644; x_wconf 88' lang='lat' dir='ltr'><strong>subiit</strong></span> 
     </span>
     <span class='ocr_line' id='line_1_25' title="bbox 327 2669 1352 2759; baseline 0.003 -25"><span class='ocrx_word' id='word_1_179' title='bbox 327 2669 441 2756; x_wconf 89' lang='lat' dir='ltr'><strong>pudor:</strong></span> <span class='ocrx_word' id='word_1_180' title='bbox 460 2669 699 2756; x_wconf 87' lang='lat' dir='ltr'><strong>degeneravisse</strong></span> <span class='ocrx_word' id='word_1_181' title='bbox 706 2670 841 2736; x_wconf 90' lang='lat' dir='ltr'><strong>Parthos</strong></span> <span class='ocrx_word' id='word_1_182' title='bbox 848 2697 857 2749; x_wconf 93' lang='lat'>;</span> <span class='ocrx_word' id='word_1_183' title='bbox 875 2673 1007 2758; x_wconf 88' lang='lat' dir='ltr'><strong>petitum</strong></span> <span class='ocrx_word' id='word_1_184' title='bbox 1016 2673 1077 2737; x_wconf 84' lang='lat' dir='ltr'><strong>alio</strong></span> <span class='ocrx_word' id='word_1_185' title='bbox 1090 2695 1131 2737; x_wconf 86' lang='lat' dir='ltr'><strong>ex</strong></span> <span class='ocrx_word' id='word_1_186' title='bbox 1144 2672 1219 2738; x_wconf 90' lang='lat' dir='ltr'><strong>orbe</strong></span> <span class='ocrx_word' id='word_1_187' title='bbox 1231 2695 1352 2759; x_wconf 89' lang='lat' dir='ltr'><strong>regem,</strong></span> 
     </span>
     <span class='ocr_line' id='line_1_26' title="bbox 328 2763 1352 2852; baseline 0.005 -24"><span class='ocrx_word' id='word_1_188' title='bbox 328 2764 464 2829; x_wconf 86' lang='lat' dir='ltr'><strong>hostium</strong></span> <span class='ocrx_word' id='word_1_189' title='bbox 482 2763 600 2829; x_wconf 87' lang='lat' dir='ltr'><strong>artibus</strong></span> <span class='ocrx_word' id='word_1_190' title='bbox 622 2763 787 2844; x_wconf 85' lang='lat' dir='ltr'><strong>infectum;</strong></span> <span class='ocrx_word' id='word_1_191' title='bbox 808 2765 873 2829; x_wconf 89' lang='lat' dir='ltr'><strong>iam</strong></span> <span class='ocrx_word' id='word_1_192' title='bbox 894 2767 975 2832; x_wconf 86' lang='lat' dir='ltr'><strong>inter</strong></span> <span class='ocrx_word' id='word_1_193' title='bbox 995 2766 1171 2852; x_wconf 87' lang='lat' dir='ltr'><strong>provincias</strong></span> <span class='ocrx_word' id='word_1_194' title='bbox 1188 2765 1352 2833; x_wconf 86' lang='lat' dir='ltr'><strong>Romanas</strong></span> 
     </span>
     <span class='ocr_line' id='line_1_27' title="bbox 329 2857 1353 2945; baseline 0.003 -22"><span class='ocrx_word' id='word_1_195' title='bbox 329 2858 442 2923; x_wconf 88' lang='lat' dir='ltr'><strong>solium</strong></span> <span class='ocrx_word' id='word_1_196' title='bbox 467 2857 693 2924; x_wconf 81' lang='lat' dir='ltr'><strong>Arsacidarum</strong></span> <span class='ocrx_word' id='word_1_197' title='bbox 718 2858 827 2924; x_wconf 89' lang='lat' dir='ltr'><strong>haberi</strong></span> <span class='ocrx_word' id='word_1_198' title='bbox 852 2859 995 2944; x_wconf 85' lang='lat' dir='ltr'><strong>darique3</strong></span> <span class='ocrx_word' id='word_1_199' title='bbox 1026 2860 1082 2926; x_wconf 93' lang='lat' dir='ltr'><strong>ubi</strong></span> <span class='ocrx_word' id='word_1_200' title='bbox 1106 2859 1191 2924; x_wconf 89' lang='lat' dir='ltr'><strong>illam</strong></span> <span class='ocrx_word' id='word_1_201' title='bbox 1217 2860 1353 2945; x_wconf 88' lang='lat' dir='ltr'><strong>gloriam</strong></span> 
     </span>
    </p>
   </div>
   <div class='ocr_carea' id='block_1_4' title="bbox 223 2951 1354 3126">
    <p class='ocr_par' dir='ltr' id='par_1_5' title="bbox 223 2951 1354 3126">
     <span class='ocr_line' id='line_1_28' title="bbox 330 2951 1354 3032; baseline 0.004 -16"><span class='ocrx_word' id='word_1_202' title='bbox 330 2952 549 3017; x_wconf 85' lang='lat' dir='ltr'><strong>trucidantium</strong></span> <span class='ocrx_word' id='word_1_203' title='bbox 568 2951 730 3032; x_wconf 87' lang='lat' dir='ltr'><strong>Crassum,</strong></span> <span class='ocrx_word' id='word_1_204' title='bbox 757 2952 988 3019; x_wconf 85' lang='lat' dir='ltr'><strong>exturbantium</strong></span> <span class='ocrx_word' id='word_1_205' title='bbox 1006 2953 1190 3031; x_wconf 90' lang='lat' dir='ltr'><strong>Antonium,</strong></span> <span class='ocrx_word' id='word_1_206' title='bbox 1218 2954 1246 3019; x_wconf 90' lang='lat' dir='ltr'><strong>si</strong></span> <span class='ocrx_word' id='word_1_207' title='bbox 1262 2977 1354 3020; x_wconf 89' lang='lat' dir='ltr'><strong>man-</strong></span> 
     </span>
     <span class='ocr_line' id='line_1_29' title="bbox 223 3038 1351 3126; baseline 0.001 -23"><span class='ocrx_word' id='word_1_208' title='bbox 223 3047 227 3055; x_wconf 88' lang='lat'><strong><em>‘</em></strong></span> <span class='ocrx_word' id='word_1_209' title='bbox 329 3038 445 3125; x_wconf 92' lang='lat' dir='ltr'><strong>cipium</strong></span> <span class='ocrx_word' id='word_1_210' title='bbox 472 3038 632 3117; x_wconf 86' lang='lat' dir='ltr'><strong>Caesaris,</strong></span> <span class='ocrx_word' id='word_1_211' title='bbox 664 3048 711 3105; x_wconf 89' lang='lat' dir='ltr'><strong>tot</strong></span> <span class='ocrx_word' id='word_1_212' title='bbox 734 3060 791 3126; x_wconf 90' lang='lat' dir='ltr'><strong>per</strong></span> <span class='ocrx_word' id='word_1_213' title='bbox 821 3062 919 3104; x_wconf 89' lang='lat' dir='ltr'><strong>annos</strong></span> <span class='ocrx_word' id='word_1_214' title='bbox 947 3040 1127 3104; x_wconf 87' lang='lat' dir='ltr'><strong>servitutem</strong></span> <span class='ocrx_word' id='word_1_215' title='bbox 1152 3061 1351 3124; x_wconf 85' lang='lat' dir='ltr'><strong>perpessum,</strong></span> 
     </span>
    </p>
   </div>
   <div class='ocr_carea' id='block_1_5' title="bbox 235 3132 1372 4254">
    <p class='ocr_par' dir='ltr' id='par_1_6' title="bbox 235 3132 1372 4254">
     <span class='ocr_line' id='line_1_30' title="bbox 328 3132 1354 3220; baseline 0.003 -23"><span class='ocrx_word' id='word_1_216' title='bbox 328 3132 454 3199; x_wconf 86' lang='lat' dir='ltr'><strong>Parthis</strong></span> <span class='ocrx_word' id='word_1_217' title='bbox 471 3133 645 3219; x_wconf 86' lang='lat' dir='ltr'><strong>imperitet?</strong></span> <span class='ocrx_word' id='word_1_218' title='bbox 666 3133 855 3200; x_wconf 87' lang='lat' dir='ltr'><strong>accendebat</strong></span> <span class='ocrx_word' id='word_1_219' title='bbox 872 3133 1077 3220; x_wconf 88' lang='lat' dir='ltr'><strong>dedignantes</strong></span> <span class='ocrx_word' id='word_1_220' title='bbox 1095 3143 1127 3198; x_wconf 87' lang='lat' dir='ltr'><strong>et</strong></span> <span class='ocrx_word' id='word_1_221' title='bbox 1143 3133 1225 3218; x_wconf 86' lang='lat' dir='ltr'><strong>ipse,</strong></span> <span class='ocrx_word' id='word_1_222' title='bbox 1248 3134 1354 3200; x_wconf 89' lang='lat' dir='ltr'><strong>diver·</strong></span> 
     </span>
     <span class='ocr_line' id='line_1_31' title="bbox 330 3228 1351 3314; baseline 0.002 -23"><span class='ocrx_word' id='word_1_223' title='bbox 330 3250 384 3292; x_wconf 87' lang='lat' dir='ltr'><strong>sus</strong></span> <span class='ocrx_word' id='word_1_224' title='bbox 398 3251 418 3292; x_wconf 88' lang='lat' dir='ltr'><strong>a</strong></span> <span class='ocrx_word' id='word_1_225' title='bbox 430 3228 581 3292; x_wconf 89' lang='lat' dir='ltr'><strong>maiorum</strong></span> <span class='ocrx_word' id='word_1_226' title='bbox 594 3228 753 3305; x_wconf 86' lang='lat' dir='ltr'><strong>institutis,</strong></span> <span class='ocrx_word' id='word_1_227' title='bbox 767 3251 837 3292; x_wconf 89' lang='lat' dir='ltr'><strong>raro</strong></span> <span class='ocrx_word' id='word_1_228' title='bbox 851 3237 975 3304; x_wconf 88' lang='lat' dir='ltr'><strong>venatu,</strong></span> <span class='ocrx_word' id='word_1_229' title='bbox 991 3228 1080 3314; x_wconf 90' lang='lat' dir='ltr'><strong>segni</strong></span> <span class='ocrx_word' id='word_1_230' title='bbox 1093 3250 1245 3312; x_wconf 91' lang='lat' dir='ltr'><strong>equorum</strong></span> <span class='ocrx_word' id='word_1_231' title='bbox 1259 3250 1351 3307; x_wconf 87' lang='lat' dir='ltr'><strong>cura;</strong></span> 
     </span>
     <span class='ocr_line' id='line_1_32' title="bbox 329 3319 1353 3408; baseline 0.003 -25"><span class='ocrx_word' id='word_1_232' title='bbox 329 3321 472 3403; x_wconf 90' lang='lat' dir='ltr'><strong>quotiens</strong></span> <span class='ocrx_word' id='word_1_233' title='bbox 489 3343 545 3404; x_wconf 86' lang='lat' dir='ltr'><strong>per</strong></span> <span class='ocrx_word' id='word_1_234' title='bbox 562 3319 655 3386; x_wconf 88' lang='lat' dir='ltr'><strong>urbes</strong></span> <span class='ocrx_word' id='word_1_235' title='bbox 673 3321 839 3398; x_wconf 85' lang='lat' dir='ltr'><strong>incederet,</strong></span> <span class='ocrx_word' id='word_1_236' title='bbox 857 3321 984 3386; x_wconf 86' lang='lat' dir='ltr'><strong>lecticae</strong></span> <span class='ocrx_word' id='word_1_237' title='bbox 1002 3322 1186 3408; x_wconf 89' lang='lat' dir='ltr'><strong>gestamine,</strong></span> <span class='ocrx_word' id='word_1_238' title='bbox 1204 3324 1353 3406; x_wconf 88' lang='lat' dir='ltr'><strong>fastuque</strong></span> 
     </span>
     <span class='ocr_line' id='line_1_33' title="bbox 330 3413 1353 3497; baseline 0.006 -21"><span class='ocrx_word' id='word_1_239' title='bbox 330 3435 405 3496; x_wconf 88' lang='lat' dir='ltr'><strong>erga</strong></span> <span class='ocrx_word' id='word_1_240' title='bbox 429 3413 546 3496; x_wconf 86' lang='lat' dir='ltr'><strong>patrias</strong></span> <span class='ocrx_word' id='word_1_241' title='bbox 572 3413 695 3497; x_wconf 88' lang='lat' dir='ltr'><strong>epulas;</strong></span> <span class='ocrx_word' id='word_1_242' title='bbox 726 3413 941 3478; x_wconf 87' lang='lat' dir='ltr'><strong>inridebantur</strong></span> <span class='ocrx_word' id='word_1_243' title='bbox 967 3425 998 3480; x_wconf 91' lang='lat' dir='ltr'><strong>et</strong></span> <span class='ocrx_word' id='word_1_244' title='bbox 1021 3413 1135 3481; x_wconf 66' lang='lat' dir='ltr'><strong>Graan</strong></span> <span class='ocrx_word' id='word_1_245' title='bbox 1161 3416 1290 3482; x_wconf 86' lang='lat' dir='ltr'><strong>comites</strong></span> <span class='ocrx_word' id='word_1_246' title='bbox 1314 3439 1353 3482; x_wconf 91' lang='lat' dir='ltr'><strong>ac</strong></span> 
     </span>
     <span class='ocr_line' id='line_1_34' title="bbox 235 3504 1354 3595; baseline 0.004 -24"><span class='ocrx_word' id='word_1_247' title='bbox 235 3563 239 3571; x_wconf 93' lang='lat'><strong>.</strong></span> <span class='ocrx_word' id='word_1_248' title='bbox 329 3504 481 3568; x_wconf 88' lang='lat' dir='ltr'><strong>vilissima</strong></span> <span class='ocrx_word' id='word_1_249' title='bbox 498 3505 676 3571; x_wconf 89' lang='lat' dir='ltr'><strong>utensilium</strong></span> <span class='ocrx_word' id='word_1_250' title='bbox 694 3507 787 3571; x_wconf 90' lang='lat' dir='ltr'><strong>anulo</strong></span> <span class='ocrx_word' id='word_1_251' title='bbox 805 3508 926 3586; x_wconf 84' lang='lat' dir='ltr'><strong>clausa3</strong></span> <span class='ocrx_word' id='word_1_252' title='bbox 945 3510 1002 3574; x_wconf 91' lang='lat' dir='ltr'><strong>sed</strong></span> <span class='ocrx_word' id='word_1_253' title='bbox 1013 3510 1149 3595; x_wconf 89' lang='lat' dir='ltr'><strong>prompti</strong></span> <span class='ocrx_word' id='word_1_254' title='bbox 1163 3510 1277 3587; x_wconf 87' lang='lat' dir='ltr'><strong>aditus,</strong></span> <span class='ocrx_word' id='word_1_255' title='bbox 1296 3509 1354 3575; x_wconf 92' lang='lat' dir='ltr'><strong>ob-</strong></span> 
     </span>
     <span class='ocr_line' id='line_1_35' title="bbox 330 3599 1355 3688; baseline 0.007 -26"><span class='ocrx_word' id='word_1_256' title='bbox 330 3599 381 3662; x_wconf 92' lang='lat' dir='ltr'><strong>via</strong></span> <span class='ocrx_word' id='word_1_257' title='bbox 398 3599 541 3663; x_wconf 79' lang='lat' dir='ltr'><strong>conritas:</strong></span> <span class='ocrx_word' id='word_1_258' title='bbox 564 3599 689 3685; x_wconf 89' lang='lat' dir='ltr'><strong>ignotae</strong></span> <span class='ocrx_word' id='word_1_259' title='bbox 705 3599 832 3666; x_wconf 87' lang='lat' dir='ltr'><strong>Parthis</strong></span> <span class='ocrx_word' id='word_1_260' title='bbox 850 3601 995 3681; x_wconf 84' lang='lat' dir='ltr'><strong>virtutes,</strong></span> <span class='ocrx_word' id='word_1_261' title='bbox 1013 3626 1096 3669; x_wconf 89' lang='lat' dir='ltr'><strong>nova</strong></span> <span class='ocrx_word' id='word_1_262' title='bbox 1112 3604 1202 3682; x_wconf 87' lang='lat' dir='ltr'><strong>vitia,</strong></span> <span class='ocrx_word' id='word_1_263' title='bbox 1229 3613 1260 3668; x_wconf 91' lang='lat' dir='ltr'><strong>et</strong></span> <span class='ocrx_word' id='word_1_264' title='bbox 1278 3605 1355 3688; x_wconf 89' lang='lat' dir='ltr'><strong>quia</strong></span> 
     </span>
     <span class='ocr_line' id='line_1_36' title="bbox 302 3693 1353 3783; baseline 0.006 -26"><span class='ocrx_word' id='word_1_265' title='bbox 302 3701 305 3704; x_wconf 83' lang='lat'>&#39;</span> <span class='ocrx_word' id='word_1_266' title='bbox 330 3694 469 3780; x_wconf 89' lang='lat' dir='ltr'><strong>ipsorum</strong></span> <span class='ocrx_word' id='word_1_267' title='bbox 486 3693 624 3760; x_wconf 89' lang='lat' dir='ltr'><strong>moribus</strong></span> <span class='ocrx_word' id='word_1_268' title='bbox 642 3693 751 3771; x_wconf 84' lang='lat' dir='ltr'><strong>aliena,</strong></span> <span class='ocrx_word' id='word_1_269' title='bbox 769 3695 898 3779; x_wconf 89' lang='lat' dir='ltr'><strong>perinde</strong></span> <span class='ocrx_word' id='word_1_270' title='bbox 916 3697 1022 3762; x_wconf 90' lang='lat' dir='ltr'><strong>odium</strong></span> <span class='ocrx_word' id='word_1_271' title='bbox 1038 3697 1144 3783; x_wconf 89' lang='lat' dir='ltr'><strong>pravis</strong></span> <span class='ocrx_word' id='word_1_272' title='bbox 1158 3707 1189 3762; x_wconf 91' lang='lat' dir='ltr'><strong>et</strong></span> <span class='ocrx_word' id='word_1_273' title='bbox 1201 3697 1353 3764; x_wconf 86' lang='lat' dir='ltr'><strong>honestis.</strong></span> 
     </span>
     <span class='ocr_line' id='line_1_37' title="bbox 297 3785 1355 3877; baseline 0.005 -26"><span class='ocrx_word' id='word_1_274' title='bbox 297 3796 312 3844; x_wconf 79' lang='grc'>3</span> <span class='ocrx_word' id='word_1_275' title='bbox 389 3787 491 3874; x_wconf 80' lang='lat' dir='ltr'><strong>Igitur</strong></span> <span class='ocrx_word' id='word_1_276' title='bbox 507 3786 698 3864; x_wconf 86' lang='lat' dir='ltr'><strong>Artabanus,</strong></span> <span class='ocrx_word' id='word_1_277' title='bbox 716 3785 943 3854; x_wconf 88' lang='lat' dir='ltr'><strong>Arsacidarum</strong></span> <span class='ocrx_word' id='word_1_278' title='bbox 960 3813 977 3855; x_wconf 93' lang='lat' dir='ltr'><strong>e</strong></span> <span class='ocrx_word' id='word_1_279' title='bbox 996 3791 1163 3877; x_wconf 83' lang='lat' dir='ltr'><strong>sanguine,</strong></span> <span class='ocrx_word' id='word_1_280' title='bbox 1182 3791 1267 3876; x_wconf 89' lang='lat' dir='ltr'><strong>apud</strong></span> <span class='ocrx_word' id='word_1_281' title='bbox 1283 3791 1355 3856; x_wconf 83' lang='lat' dir='ltr'><strong>Da-</strong></span> 
     </span>
     <span class='ocr_line' id='line_1_38' title="bbox 330 3880 1353 3969; baseline 0.002 -23"><span class='ocrx_word' id='word_1_282' title='bbox 330 3881 387 3947; x_wconf 89' lang='lat' dir='ltr'><strong>has</strong></span> <span class='ocrx_word' id='word_1_283' title='bbox 401 3881 525 3946; x_wconf 88' lang='lat' dir='ltr'><strong>adultus</strong></span> <span class='ocrx_word' id='word_1_284' title='bbox 539 3880 659 3946; x_wconf 86' lang='lat' dir='ltr'><strong>excitur</strong></span> <span class='ocrx_word' id='word_1_285' title='bbox 670 3881 833 3966; x_wconf 89' lang='lat' dir='ltr'><strong>primoque</strong></span> <span class='ocrx_word' id='word_1_286' title='bbox 847 3904 1018 3969; x_wconf 88' lang='lat' dir='ltr'><strong>congressu</strong></span> <span class='ocrx_word' id='word_1_287' title='bbox 1031 3884 1122 3950; x_wconf 87' lang='lat' dir='ltr'><strong>fusus</strong></span> <span class='ocrx_word' id='word_1_288' title='bbox 1131 3895 1256 3968; x_wconf 86' lang='lat' dir='ltr'><strong>reparat</strong></span> <span class='ocrx_word' id='word_1_289' title='bbox 1268 3885 1353 3949; x_wconf 86' lang='lat' dir='ltr'><strong>vires</strong></span> 
     </span>
     <span class='ocr_line' id='line_1_39' title="bbox 330 3974 1372 4064; baseline 0.003 -25"><span class='ocrx_word' id='word_1_290' title='bbox 330 3997 489 4062; x_wconf 89' lang='lat' dir='ltr'><strong>regnoque</strong></span> <span class='ocrx_word' id='word_1_291' title='bbox 510 3976 634 4061; x_wconf 90' lang='lat' dir='ltr'><strong>potitur.</strong></span> <span class='ocrx_word' id='word_1_292' title='bbox 666 3975 749 4042; x_wconf 81' lang='lat' dir='ltr'><strong>victo</strong></span> <span class='ocrx_word' id='word_1_293' title='bbox 765 3974 892 4042; x_wconf 89' lang='lat' dir='ltr'><strong>Vononi</strong></span> <span class='ocrx_word' id='word_1_294' title='bbox 912 3976 1093 4064; x_wconf 85' lang='lat' dir='ltr'><strong>perfugium</strong></span> <span class='ocrx_word' id='word_1_295' title='bbox 1110 3977 1263 4042; x_wconf 90' lang='lat' dir='ltr'><strong>Armenia</strong></span> <span class='ocrx_word' id='word_1_296' title='bbox 1280 3975 1353 4054; x_wconf 86' lang='lat' dir='ltr'><strong>fuit,</strong></span> <span class='ocrx_word' id='word_1_297' title='bbox 1370 4035 1372 4042; x_wconf 93' lang='lat'><strong>.</strong></span> 
     </span>
     <span class='ocr_line' id='line_1_40' title="bbox 331 4070 1354 4158; baseline 0.003 -25"><span class='ocrx_word' id='word_1_298' title='bbox 331 4092 431 4134; x_wconf 87' lang='lat' dir='ltr'><strong>vacua</strong></span> <span class='ocrx_word' id='word_1_299' title='bbox 452 4078 525 4135; x_wconf 90' lang='lat' dir='ltr'><strong>tunc</strong></span> <span class='ocrx_word' id='word_1_300' title='bbox 551 4070 691 4156; x_wconf 70' lang='lat' dir='ltr'><strong>interque</strong></span> <span class='ocrx_word' id='word_1_301' title='bbox 712 4070 900 4135; x_wconf 87' lang='lat' dir='ltr'><strong>Parthorum</strong></span> <span class='ocrx_word' id='word_1_302' title='bbox 922 4081 953 4137; x_wconf 91' lang='lat' dir='ltr'><strong>et</strong></span> <span class='ocrx_word' id='word_1_303' title='bbox 974 4071 1134 4138; x_wconf 89' lang='lat' dir='ltr'><strong>Romanas</strong></span> <span class='ocrx_word' id='word_1_304' title='bbox 1157 4094 1233 4158; x_wconf 90' lang='lat' dir='ltr'><strong>opes</strong></span> <span class='ocrx_word' id='word_1_305' title='bbox 1255 4071 1354 4136; x_wconf 86' lang='lat' dir='ltr'><strong>infida</strong></span> 
     </span>
     <span class='ocr_line' id='line_1_41' title="bbox 331 4161 1351 4254; baseline 0.003 -27"><span class='ocrx_word' id='word_1_306' title='bbox 331 4161 371 4228; x_wconf 94' lang='lat' dir='ltr'><strong>ob</strong></span> <span class='ocrx_word' id='word_1_307' title='bbox 394 4163 495 4230; x_wconf 87' lang='lat' dir='ltr'><strong>scelus</strong></span> <span class='ocrx_word' id='word_1_308' title='bbox 513 4163 657 4244; x_wconf 89' lang='lat' dir='ltr'><strong>Antonii,</strong></span> <span class='ocrx_word' id='word_1_309' title='bbox 681 4165 735 4252; x_wconf 90' lang='lat' dir='ltr'><strong>qui</strong></span> <span class='ocrx_word' id='word_1_310' title='bbox 751 4162 965 4246; x_wconf 86' lang='lat' dir='ltr'><strong>Artavasden,</strong></span> <span class='ocrx_word' id='word_1_311' title='bbox 991 4189 1100 4254; x_wconf 88' lang='lat' dir='ltr'><strong>regem</strong></span> <span class='ocrx_word' id='word_1_312' title='bbox 1117 4165 1351 4240; x_wconf 89' lang='lat' dir='ltr'><strong>Armeniorum,</strong></span> 
     </span>
    </p>
   </div>
   <div class='ocr_carea' id='block_1_6' title="bbox 0 0 1495 4960">
    <p class='ocr_par' dir='ltr' id='par_1_7' title="bbox 0 0 1495 4960">
     <span class='ocr_line' id='line_1_42' title="bbox 0 0 1495 4960; baseline 0 0"><span class='ocrx_word' id='word_1_313' title='bbox 0 0 1495 4960; x_wconf 95' lang='lat' dir='ltr'><strong> </strong></span> 
     </span>
    </p>
   </div>
  </div>
 </body>
</html>
