2960 4962
319 446 951 522 ANNAL1UML1B.VJ.15-18.(9-1a)
1085 439 1146 504 161

117 541 190 592 μοι
200 542 235 581 aa.

117 619 293 692 necataque
312 616 361 672 est
378 629 458 671 anus
476 605 576 688 Vitia,
603 604 686 669 Fufii
705 602 834 670 Gemini
855 616 966 684 mater,
991 611 1076 692 quod
1092 610 1149 674 filii

116 725 229 770 necem
246 702 397 766 flevisset.

179 797 277 862 Haec
293 796 381 881 apud
393 803 546 860 senatum.
565 816 623 858 nec
637 816 728 860 secus
742 795 827 881 apud
843 797 1016 881 principem
1028 796 1150 864 Vescu-

117 891 215 956 larius
233 891 371 954 Flaccus
394 910 432 952 ac
453 888 553 952 Iulius
571 888 716 954 Marinus
738 890 779 953 ad
801 899 933 954 mortem
955 901 1104 976 aguntur,
1132 915 1150 958 e

117 1078 288 1155 individui,
315 1075 519 1142 Vescularius
540 1076 725 1141 insidiarum
751 1078 784 1141 in
805 1077 964 1144 Libonem
989 1079 1150 1144 internun-

119 1174 196 1238 tius:
219 1171 349 1236 Marino
367 1171 517 1259 participe
536 1168 672 1236 Seianus
693 1170 838 1237 Curtium
855 1171 998 1238 Atticum
1020 1196 1149 1260 oppres-

119 1278 231 1418 serapls
246 1286 311 1350 quo
329 1265 445 1330 laetius
468 1274 632 1351 acceptum
655 1288 713 1331 sua
735 1267 910 1354 exempla'
900 1289 934 1332 ιιι
956 1269 1148 1336 consultores

118 1375 180 1418 reor
233 1374 279 1418 se

182 1446 248 1511 Per
265 1445 350 1509 idem
368 1453 494 1530 tempus
506 1445 547 1510 L.
557 1443 635 1512 Piso
652 1446 804 1530 pontifex,
822 1469 927 1512 rarum
940 1448 973 1512 in
986 1458 1073 1514 tanta
1086 1449 1149 1514 cla-

119 1540 264 1616 ritudine,
278 1539 346 1604 fato
356 1537 442 1615 obiit,
456 1539 572 1604 nullius
587 1539 708 1606 servilis
718 1540 889 1606 sententiae
904 1551 1015 1628 sponte
1028 1553 1146 1621 auctor,

120 1643 150 1699 et
167 1634 316 1718 quotiens
333 1633 504 1698 necessitas
522 1633 694 1719 ingrueret,
714 1633 870 1718 sapienter
886 1637 1066 1716 moderans3
1092 1661 1149 1724 pa-

120 1739 198 1793 trem
220 1729 252 1792 ei
278 1726 456 1792 censorium
480 1726 581 1794 fuisse
603 1728 787 1806 memoravi3
818 1739 904 1795 aetas
927 1732 968 1796 ad
993 1733 1148 1818 octogesi-

119 1845 205 1887 mum
223 1843 345 1886 annum
361 1821 528 1908 processit3
546 1822 643 1886 decus
661 1822 847 1909 triumphale
865 1824 898 1887 in
911 1824 1065 1892 Thraecia
1082 1849 1149 1890 me-

120 1926 237 1994 ruerat3
261 1917 321 1982 sed
336 1916 504 2001 praecipua
522 1938 562 1981 ex
579 1938 617 1981 eo
635 1915 748 2002 gloria,
775 1917 861 2000 quod
882 1918 1059 2003 praefectus
1078 1919 1148 1983 urbi

120 2033 228 2076 recens
246 2010 428 2076 continuam
445 2019 631 2095 potestatem
649 2019 681 2075 et
697 2011 863 2076 insolentia
879 2012 1009 2096 parendi
1024 2012 1149 2097 gravio·

120 2125 185 2172 rem
201 2106 283 2170 mire
301 2105 495 2190 temperavit

181 2199 330 2282 Namque
348 2221 389 2262 an
389 2209 440 2264 tea
459 2199 608 2309 profectis
631 2201 725 2266 domo
746 2199 875 2287 regibus
898 2222 936 2266 ac
952 2224 1027 2268 mox
1048 2200 1198 2305 magi-11¹⁷

121 2294 285 2371 stratibus,
303 2315 345 2358 ne
361 2292 480 2358 urbs'
455 2315 522 2358 sinc
539 2294 670 2380 imperio
675 2294 805 2372 foret'
755 2303 830 2359 tm
847 2303 971 2381 tempus
988 2267 1181 2383 deligeba-

121 2400 171 2454 tur
192 2389 247 2472 qui
268 2388 319 2452 ius
337 2388 480 2452 redderet
501 2410 539 2453 ae
562 2387 673 2454 subitis
695 2389 888 2468 mederetur,
915 2390 1081 2475 ierrmtque
1107 2391 1148 2457 ab

121 2482 256 2548 Romulo
274 2479 429 2547 Dentrem
446 2482 643 2560 Romulium,
665 2493 738 2569 post
755 2483 795 2549 ab
814 2484 908 2550 Tullo
925 2485 1065 2552 Hostilio
1082 2485 1150 2552 Nu·-

121 2601 205 2642 mam
222 2575 382 2644 Marcium
399 2585 431 2641 et
447 2576 487 2642 ab
507 2577 678 2661 Tarquinio
696 2574 842 2664 Superbo
861 2576 1012 2665 Spurium
1028 2580 1150 2647 Lucre-

122 2672 199 2739 tium
216 2670 381 2756 inpositos.
400 2670 473 2735 dein
490 2671 635 2736 consules
647 2671 858 2758 mandabant,
881 2675 1035 2759 duratque
1053 2676 1150 2740 simu-

123 2765 256 2842 lacrum,
279 2764 424 2848 quotiens
447 2764 489 2829 ob
506 2764 601 2830 ferias
618 2764 754 2832 Latinas
770 2766 949 2852 praeficitur
965 2769 1020 2852 qui
1037 2761 1150 2834 corisu-

122 2859 186 2923 lare
212 2881 329 2924 munus
356 2867 494 2944 usurpet.
530 2868 668 2924 ceterum
694 2858 862 2948 Augustus
888 2860 979 2927 bellis
1006 2862 1149 2928 civilibus

125 2951 264 3018 Cilnium
281 2951 509 3030 Maecenatem,
528 2954 681 3036 equestris
700 2955 827 3032 ordinis,
846 2955 965 3019 cunctis
984 2955 1070 3039 apud
1085 2955 1152 3020 Ro·

123 3071 206 3114 mam
234 3057 330 3130 atque
356 3047 480 3112 Italiam
505 3049 701 3134 praeposuit3
736 3070 811 3114 mox
836 3069 940 3112 rerum
965 3047 1083 3133 potitus
1109 3047 1150 3114 ob

124 3142 374 3230 magnitudinem
400 3143 507 3229 populi
529 3165 566 3208 ac
588 3143 677 3208 tarda
702 3143 809 3229 legum
832 3141 947 3207 ciuilia
973 3140 1108 3225 sumpsit
1134 3162 1151 3204 e

126 3235 342 3302 consularibus
359 3237 414 3320 qui
431 3246 588 3302 coerceret
605 3237 733 3303 servitia
750 3245 781 3301 et
794 3236 878 3320 quod
892 3235 1008 3301 civium
1021 3234 1152 3300 audacia

126 3332 299 3408 turbidum,
322 3330 384 3396 nisi
401 3331 467 3396 vim
483 3341 615 3400 metuat:
638 3332 821 3417 primusque
838 3329 980 3396 Messala
994 3328 1151 3396 Corvinus

127 3447 193 3490 eam
211 3433 400 3512 potestatem
418 3435 451 3490 et
469 3447 588 3511 paucos
605 3426 687 3490 intra
704 3425 771 3491 dies
789 3424 883 3491 finem
901 3425 1034 3510 accepit,
1062 3424 1152 3509 quasi

126 3520 252 3586 nescius
269 3519 449 3598 exercendi3
471 3529 539 3584 tum
554 3519 679 3585 Taurus
700 3517 852 3604 Statilius,
872 3541 1063 3604 quamquam
1079 3541 1153 3606 pro·

126 3623 215 3680 vecta
228 3623 341 3691 aetate,
361 3613 487 3701 egregie
505 3613 661 3692 toleravit3
680 3614 754 3679 <lein
761 3613 838 3680 Piso
855 3614 968 3701 viginti
984 3635 1041 3699 per
1054 3635 1152 3678 annos

126 3710 242 3793 pariter
257 3707 424 3812 probatus,
450 3708 578 3796 publico
595 3707 707 3775 funere
724 3731 765 3774 ex
781 3709 907 3774 decreto
926 3714 1054 3772 senatus
1073 3705 1154 3770 cele-

126 3804 304 3871 bratust
255 3815 313 3870 est.

187 3899 339 3964 Relatum
355 3899 428 3965 inde
446 3900 488 3964 ad
504 3907 609 3985 patres
627 3922 647 3964 a
665 3897 873 3981 Quintiliano,
897 3895 1021 3961 tribuno
1039 3891 1175 4010 plebei,
1174 3895 1205 3946 18

128 3993 165 4058 de
181 3991 264 4058 libro
283 3990 439 4079 Sibyllae,
458 4015 552 4078 quem
571 3992 724 4060 Caninius
743 3989 855 4056 Gallus
873 3986 1153 4074 quindecimvirum
1167 3963 1209 4014 ‘¹²’

127 4087 223 4172 recipi
239 4087 322 4153 inter
339 4097 459 4154 ceteros
478 4088 618 4153 eiusdem
636 4086 717 4151 vatis
736 4094 768 4149 et
784 4105 822 4148 ea
839 4083 878 4148 de
891 4105 925 4148 re
938 4091 1066 4148 senatus
1080 4101 1155 4146 oon-

129 4181 245 4246 sultum
262 4181 486 4267 postulaverat,
509 4204 573 4267 quc
590 4203 647 4268 per
663 4177 888 4245 discessionem
905 4177 990 4244 facto
1003 4176 1089 4243 misit
1105 4175 1155 4242 lit-

182 4297 253 4343 Tncr'ti
263 4299 303 4343 ccl.
316 4297 333 4341 1.
946 4289 957 4344 l
968 4289 981 4344 l
