3042 4956
354 433 417 499 194
705 441 889 499 CORNELII
903 441 1031 500 Taum

1266 546 1285 576 a.
1297 548 1320 578 u.
1330 539 1376 580 sot.

350 603 428 670 nihil
449 602 612 679 reticente,
639 599 755 666 nedum
778 599 938 666 consulem
963 601 1163 689 designatum
1185 624 1258 669 eum
1281 626 1380 673 uxore

350 696 513 784 principis,
536 694 696 782 praedicta
717 694 784 771 die,
806 693 953 760 adhibitis
976 696 1030 780 qui
1052 696 1269 784 obsignarent,
1292 699 1380 765 velut

351 789 620 876 suscipiendorum
641 787 809 854 liberorum
831 810 928 854 causa
949 791 1148 868 convenisse,
1175 800 1269 875 atque
1291 793 1380 858 illam

352 882 507 972 [audisse]
527 883 691 967 auspicum
704 882 801 948 verba
817 882 957 961 subisse,
975 884 1169 963 sacrificasse
1186 886 1272 972 apud
1289 888 1379 966 deos,

349 977 540 1046 discubitum
548 977 628 1042 inter
637 977 795 1053 convivas,
810 977 928 1055 oscula,
942 979 1134 1064 complexus,
1149 991 1274 1045 noctem
1286 981 1379 1046 deni-

348 1095 410 1160 que
420 1083 522 1140 aetam
534 1070 659 1137 licentia
672 1070 841 1158 coniugali:
858 1072 913 1136 sed
921 1072 999 1136 nihil
1013 1074 1221 1158 compositum
1234 1074 1379 1142 miraculi

350 1191 455 1244 causa,
477 1189 586 1232 verum
604 1165 711 1232 audita
728 1166 905 1250 scriptaque
923 1166 1097 1233 senioribus
1116 1169 1246 1234 tradam.

298 1283 330 1332 aa
412 1262 515 1348 Igitur
537 1261 650 1326 domus
671 1259 821 1346 principis
843 1259 1051 1339 inhorruerat3
1074 1263 1273 1348 maximeque
1295 1285 1378 1348 quos

347 1379 444 1445 penes
467 1355 606 1443 potentia
628 1364 672 1432 et,
696 1354 724 1420 si
745 1377 795 1420 res
818 1364 1024 1434 verterentur,
1051 1356 1199 1434 formido,
1227 1380 1291 1422 non
1314 1359 1378 1424 iam

339 1451 475 1517 ‘seeretis
493 1449 669 1533 colloquiis,
691 1449 749 1514 sed
768 1459 874 1534 aperte
896 1451 1042 1529 fremere,
1066 1451 1142 1516 dum
1158 1451 1269 1518 histrio
1288 1453 1377 1518 eubi-

347 1546 452 1612 oulum
469 1543 618 1628 principis
635 1544 844 1621 insultaverit,
862 1545 999 1610 dedecus
1018 1545 1145 1629 quidem
1162 1546 1300 1624 illatum,
1320 1547 1377 1614 sed

346 1639 519 1704 exscidium
531 1637 640 1722 procul
653 1637 785 1702 aluisse:
804 1660 887 1702 nune
904 1637 1050 1703 iuvenem
1067 1639 1205 1705 nobilem
1223 1641 1376 1726 dignitate

344 1733 474 1808 formae,
488 1731 520 1795 vi
532 1730 646 1796 mentis
655 1753 693 1796 ao
705 1729 881 1816 propinquo
895 1733 1058 1798 consulatu
1067 1734 1216 1799 maiorem
1230 1736 1272 1798 ad
1286 1757 1377 1820 spem

344 1825 469 1912 adcingi
475 1850 484 1904 3
507 1847 566 1890 nec
584 1823 667 1890 enim
685 1823 856 1902 oeerrltum‚
879 1826 957 1909 quid
972 1836 1046 1912 post
1063 1827 1124 1892 tale
1141 1828 1376 1893 matrimonium

345 1929 533 2006 superesset.
557 1917 682 1985 subibat
700 1918 767 1984 sine
784 1919 882 1984 dubio
904 1930 1007 1986 metus
1024 1931 1204 2007 reputantes
1227 1921 1376 1988 hebetem

346 2014 515 2080 Claudium
528 2024 559 2080 et
568 2013 659 2078 uxori
672 2013 862 2091 devinctum,
875 2015 1052 2100 multasque
1061 2026 1177 2082 mortes
1186 2017 1277 2082 iussu
1286 2017 1376 2083 Mes-

345 2110 463 2176 salinae
480 2118 631 2195 patratas:
649 2131 757 2174 rursus
774 2108 844 2193 ipsa
860 2107 994 2174 facilitas
1012 2110 1207 2196 imperatoris
1225 2111 1375 2176 fiduciam

344 2203 453 2281 dabat,
473 2204 500 2269 si
518 2203 677 2269 atrocitate
695 2203 832 2267 criminis
849 2203 1106 2288 praevaluissent,
1125 2227 1220 2290 posse
1238 2205 1374 2291 opprimi

343 2299 522 2362 damnatam
536 2306 607 2360 ante
617 2319 820 2379 quamream3
836 2298 892 2362 sed
904 2297 938 2361 in
951 2319 988 2363 eo
997 2299 1166 2364 discrimen
1175 2300 1261 2376 verti,
1277 2301 1305 2364 si
1319 2301 1375 2366 de·

342 2391 445 2456 fensio
458 2390 624 2467 audiretur,
641 2401 735 2473 utque
750 2390 875 2457 clausae
886 2414 976 2458 aures
987 2393 1080 2458 etiam
1090 2393 1249 2458 confitenti
1257 2393 1371 2460 forent.

292 2505 323 2552 aa
405 2483 457 2548 Ae
474 2483 575 2568 primo
590 2482 750 2560 Callistus,
769 2484 832 2549 iam
850 2485 927 2550 mihi
944 2487 1027 2552 circa
1044 2478 1154 2552 necem
1174 2487 1207 2554 C.
1224 2487 1372 2555 Caesaris

341 2586 494 2664 narratus,
513 2587 544 2642 et
556 2577 723 2662 Appianae
737 2580 843 2644 caedis
861 2581 985 2646 molitor
997 2581 1175 2660 Narcissus,
1193 2582 1373 2669 flagrantis·

342 2672 481 2756 simaque
500 2693 537 2736 eo
555 2672 744 2757 intempore
762 2675 864 2759 gratia
881 2674 987 2742 Pallas
1006 2677 1174 2764 agitavere,
1192 2700 1269 2741 num
1282 2677 1372 2744 Mes-

342 2765 474 2830 salinam
492 2765 619 2830 seeretis
636 2765 729 2830 minis
748 2767 939 2852 depellerent
956 2793 1062 2836 amore
1081 2769 1160 2848 Silii,
1179 2779 1292 2836 cuneta
1309 2771 1373 2837 alia

341 2859 583 2926 dissimulantes.
606 2861 680 2926 dein
697 2871 792 2941 metu,
811 2884 850 2927 ne
868 2864 910 2928 ad
925 2865 1095 2950 perniciem
1113 2865 1193 2931 ultro
1211 2865 1372 2932 traheren-

340 2966 403 3033 tur,
427 2955 582 3022 desistunt
599 2955 706 3021 Pallas
723 2979 780 3042 per
796 2957 968 3044 ignaviam,
993 2958 1144 3025 Callistus
1161 2959 1273 3044 prioris
1292 2983 1372 3044 quo-

340 3073 402 3134 que
419 3050 524 3138 regiae
541 3051 670 3137 peritus,
689 3060 721 3116 et
737 3052 908 3138 potentiam
920 3053 1019 3120 cautis
1037 3076 1133 3138 quam
1150 3053 1275 3120 acribus
1295 3077 1371 3120 con-

341 3144 418 3210 siliis
437 3146 534 3211 tutius
551 3145 672 3211 haberi:
691 3147 826 3232 perstitit
836 3146 1014 3225 Narcissus,
1033 3157 1068 3212 ut
1085 3148 1187 3214 solum
1212 3146 1246 3212 id
1266 3147 1372 3234 impu·

340 3248 425 3316 tans,
452 3262 492 3305 ne
514 3260 577 3323 quo
600 3263 742 3306 sermone
768 3241 941 3326 praesciam
964 3241 1101 3308 criminis
1124 3252 1155 3308 et
1177 3243 1370 3308 accusatoris

339 3331 491 3396 facerent:
510 3333 577 3416 ipse
591 3334 631 3397 ad
643 3335 822 3400 occasiones
845 3336 997 3414 intentus,
1019 3336 1116 3424 longa
1137 3337 1222 3422 apud
1241 3333 1370 3402 Ostiam

340 3420 487 3486 Caesaris
508 3446 596 3488 mora
613 3425 692 3490 duas
709 3428 860 3511 paelices,
883 3451 1016 3514 quarum
1037 3431 1065 3496 is
1088 3430 1209 3516 corpori
1231 3431 1369 3496 maxime

338 3513 525 3592 insueverat,
538 3515 703 3601 largitione
712 3541 749 3585 ac
761 3522 925 3605 promissis
940 3534 972 3590 et
984 3547 1082 3590 uxore
1091 3525 1212 3590 deiecta
1224 3524 1297 3611 plus
1310 3547 1368 3610 po-

338 3609 453 3674 tentiae
471 3611 656 3676 ostentando
674 3615 810 3698 perpulit
827 3616 1015 3684 delationem
1034 3619 1148 3686 subire.
1405 3613 1408 3618 ¹

289 3723 320 3771 30
402 3704 499 3769 Exim
514 3702 777 3790 Calpumia-id
793 3709 906 3794 paelici
923 3735 1039 3778 nomen
1047 3751 1099 3792 -,
1117 3712 1173 3778 ubi
1189 3713 1299 3778 datum
1318 3735 1368 3778 se-

338 3810 472 3878 eretum,
495 3798 629 3888 genibus
649 3800 796 3868 Caesaris
813 3806 979 3889 provoluta
996 3806 1142 3892 nupsisse
1159 3805 1368 3872 Messalinam

339 3892 418 3960 Silio
440 3895 607 3974 exclamat3
634 3895 726 3962 simul
750 3895 964 3984 Cleopatram,
992 3921 1073 3984 quac
1094 3900 1179 3966 idem
1201 3901 1367 3986 opperiens

337 3990 496 4067 adstabat,
520 4012 560 4055 an
583 3992 786 4078 comperisset
807 3994 992 4082 interrogat3
1019 4005 1112 4080 atque
1133 3995 1188 4062 illa
1209 4007 1367 4062 annuente

337 4083 411 4147 cieri
424 4084 606 4150 Narcissum
624 4089 770 4172 postulat.
793 4089 821 4156 is
839 4090 962 4156 veniam
979 4091 1013 4155 in
1029 4092 1231 4176 praeteritum
1243 4101 1366 4177 petens,

337 4177 422 4257 quod
440 4178 467 4242 ei
482 4179 527 4243 eis
542 4177 672 4257 Vettios,
691 4182 736 4247 cis
755 4183 895 4250 Plautios
913 4185 1185 4264 dissimulavisset,
1205 4207 1264 4252 nec
1281 4207 1367 4251 nuuc
