2958 4960
329 450 369 515 78
677 461 862 518 CORNELII
875 461 1008 517 TAGITI

1246 562 1266 592 ι.
1277 563 1298 591 ιι.
1312 554 1365 592 ⁷72.

327 621 393 686 dita
418 642 503 686 mors
526 620 606 685 adeo
631 619 769 686 incendit
790 629 826 684 ut
848 627 920 684 ante
943 620 1079 684 edictum
1105 621 1365 706 magistratuum,

327 725 399 780 ante
418 714 741 780 senatusconsultum
760 723 884 799 sumpto
903 713 1021 778 iustitio
1043 714 1262 778 desererentur
1280 714 1366 791 fora,

326 811 544 875 clauderentur
556 809 682 888 domus3
701 809 820 896 passim
834 809 956 873 silentia
974 818 1005 873 et
1017 809 1163 895 gemitus,
1182 809 1260 874 nihil
1275 832 1369 875 com-

326 905 465 991 positum
481 905 516 969 in
532 905 786 981 ostentationem
805 912 836 967 ct
853 924 1044 987 quamquam
1061 925 1162 988 neque
1179 905 1367 992 insignibus

327 1001 502 1087 lugentium
519 998 723 1076 abstinerent,
746 998 839 1062 altius
858 998 971 1064 animis
988 999 1178 1064 maerebant.
1205 999 1289 1064 forte
1306 1021 1368 1063 ne·
1409 1056 1413 1062 .

328 1097 511 1182 gotiatores,
537 1096 663 1160 vivente
685 1094 788 1160 adhuc
807 1090 996 1159 Germanico
1020 1091 1113 1179 Syria
1134 1094 1268 1180 egressi,
1298 1095 1368 1159 lae-

328 1191 407 1256 tiora
432 1191 472 1255 ds
497 1189 667 1254 valitudine
693 1189 760 1254 eius
787 1189 931 1254 attulere:
964 1188 1069 1254 statim
1095 1186 1225 1268 credita,
1254 1188 1367 1254 statim

186 1277 206 1304 ‘
328 1283 457 1371 vulgata
479 1294 565 1363 sunt;
589 1295 624 1349 ut
645 1284 778 1368 quisque
800 1283 927 1362 obvius,
955 1283 1098 1367 quamvis
1121 1283 1231 1348 leviter
1253 1284 1367 1348 audita

327 1379 360 1442 in
378 1379 456 1444 alios
478 1388 572 1462 atque
594 1379 638 1444 illi
655 1379 688 1442 in
709 1380 815 1464 plures
834 1378 992 1444 cumulata
1013 1378 1130 1466 gaudio
1152 1378 1365 1454 transferunt;

328 1482 455 1538 cursant
471 1495 528 1557 per
544 1473 664 1551 urbem,
683 1473 852 1538 moliuntur
865 1472 1052 1558 templorum
1069 1472 1168 1550 fores3
1187 1473 1275 1536 iuvat
1294 1493 1366 1537 cre-

328 1567 490 1630 dulitatem
507 1589 570 1631 nox
589 1576 620 1632 et
636 1568 809 1652 promptior
825 1568 905 1632 inter
922 1566 1067 1632 tenebras
1090 1567 1273 1632 adfirmatio.
1303 1587 1366 1632 nec
1430 1611 1435 1618 -

328 1660 448 1727 obstitit
473 1660 562 1726 falsis
590 1660 750 1738 Tiberius,
782 1662 881 1726 donec
909 1671 1048 1748 tempore
1075 1682 1112 1726 ac
1138 1661 1239 1747 spatio
1264 1683 1367 1725 vane-

329 1765 464 1824 scerent:
484 1765 515 1820 et
532 1756 667 1843 populus
686 1755 777 1839 quasi
793 1777 920 1820 rursum
937 1765 1079 1841 ereptum
1096 1757 1197 1821 acrius
1215 1755 1327 1820 doluit.

278 1869 310 1920 83
393 1851 554 1928 Honores,
577 1860 613 1914 ut
634 1852 704 1935 quis
727 1871 833 1916 amore
855 1851 889 1915 in
912 1848 1136 1917 Germanicum
1158 1860 1211 1915 aut
1232 1851 1365 1937 ingenio

329 1946 462 2024 validus,
480 1947 594 2032 reperti
612 1946 804 2029 decretique:
823 1955 858 2009 ut
876 1969 991 2011 nomen
1008 1947 1076 2011 eius
1093 1944 1206 2012 Saliari
1223 1945 1365 2010 carmine

330 2049 506 2120 caneretur3
539 2041 630 2107 sedes
657 2041 781 2106 curules
809 2042 1006 2107 sacerdotum
1031 2039 1256 2128 Augustalium
1283 2041 1365 2106 locis

331 2158 487 2220 superque
513 2158 567 2201 eas
594 2157 747 2220 querceae
774 2157 908 2200 coronae
935 2145 1157 2214 statuerentur3
1184 2134 1275 2200 ludos
1303 2135 1366 2199 cir-

330 2251 440 2294 censes
455 2229 573 2294 eburna
587 2230 709 2316 effigies
727 2228 861 2314 praeiret
874 2251 953 2293 neve
972 2230 1043 2312 quis
1056 2230 1171 2293 flamen
1189 2237 1242 2293 aut
1260 2251 1366 2315 augur

329 2323 363 2385 in
379 2322 483 2386 locum
499 2320 680 2393 Germanici
692 2323 759 2388 'nisi
776 2323 879 2410 gentis
892 2323 993 2388 Iuliae
1007 2333 1177 2402 crearetur3
1196 2345 1288 2388 arcus
1297 2323 1366 2400 ‚ad-

329 2415 386 2478 diti
411 2415 533 2481 Romae
560 2426 591 2481 et
621 2417 706 2504 apud
735 2417 836 2503 ripam
862 2417 967 2483 Rheni
998 2417 1087 2482 etin
1116 2427 1222 2482 monte
1249 2415 1365 2502 Syriae

324 2507 471 2586 Amano,
495 2532 567 2574 cum
584 2511 787 2596 inscriptione
809 2520 1092 2599 rerumgestarum
1115 2534 1154 2576 ac
1171 2519 1303 2576 mortem
1322 2511 1365 2575 ob

330 2624 396 2666 rem
413 2603 572 2689 publicam
590 2605 710 2683 obissc3
733 2607 933 2692 sepvdchrum
950 2605 1152 2684 Antiochiae,
1171 2607 1226 2672 ubi
1244 2628 1367 2671 crema

330 2707 395 2776 tus,
415 2697 550 2764 tribunal
567 2699 790 2786 Epidaphnae,
809 2723 872 2785 quo
889 2703 923 2766 in
939 2701 1009 2767 loco
1026 2703 1124 2768 vitam
1140 2702 1276 2766 finierat:
1300 2711 1366 2766 sta

331 2801 455 2856 tuarum
471 2792 652 2860 locorumve
670 2795 704 2859 in
725 2795 796 2879 quis
814 2796 968 2861 coleretur
989 2797 1075 2862 haud
1096 2797 1189 2862 facile
1211 2797 1282 2880 quis
1305 2818 1367 2860 nu-

330 2909 452 2952 merum
465 2887 576 2955 inierit.
600 2913 672 2956 cum
687 2900 867 2956 censeretur
880 2892 999 2977 clipeus
1014 2915 1090 2957 auro
1104 2901 1135 2956 et
1147 2891 1365 2978 magnitudine

330 2982 468 3076 insignis
486 2984 568 3049 inter
589 2995 734 3051 auctores
760 2985 968 3070 eloquentiae,
997 2986 1193 3051 adseveravit
1216 2985 1365 3050 Tiberius

332 3076 458 3142 solitum
476 3101 646 3165 paremque
664 3081 780 3148 ceteris·
789 3081 979 3146 dicaturum:
998 3081 1197 3166 nequeenim
1215 3081 1367 3164 eloquen-

230 3249 232 3254 ,
332 3173 408 3237 tiam
433 3174 559 3240 fortuna
585 3175 734 3252 discerni,
762 3184 793 3241 et
815 3176 891 3241 satis
917 3176 1063 3255 inlustre,
1091 3176 1118 3241 si
1140 3185 1261 3241 veteres
1284 3176 1367 3239 inter
1459 3219 1460 3226 κ

333 3267 499 3351 scriptores
513 3269 688 3334 haberetru.
711 3279 856 3352 equester
873 3271 949 3336 ordo
964 3292 1098 3335 cuneum
1113 3267 1294 3336 Germanici
1309 3291 1366 3354 ap-

332 3359 461 3442 pellavit
482 3363 535 3444 qui
562 3363 718 3428 iuniorum
744 3364 919 3443 dicebatur,
946 3366 1143 3450 instituitque
1167 3355 1216 3430 uti
1242 3374 1366 3430 turmae

332 3451 435 3515 idibus
450 3451 540 3518 Iuliis
554 3455 723 3541 imaginem
741 3458 809 3522 eius
824 3470 1036 3542 sequerentur.
1059 3459 1208 3548 pleraque
1221 3471 1365 3524 manent:

332 3545 488 3627 quaedam
506 3547 611 3612 statim
629 3549 747 3615 omissa
764 3561 851 3630 sunt,
870 3562 924 3618 aut
941 3564 1082 3620 vetustas
1101 3554 1299 3620 oblitteravit.

283 3658 316 3706 84
399 3637 549 3706 Ceterum
566 3643 683 3708 recenti
705 3644 809 3709 adhuc
826 3648 982 3714 maestitia
1004 3672 1091 3715 soror
1109 3647 1290 3716 Germanici
1307 3649 1368 3712 Li-

334 3734 394 3812 via,
412 3745 511 3823 nupta
522 3737 640 3814 Drus0,
659 3739 739 3803 duos
753 3737 850 3804 virilis
869 3764 964 3807 sexus
983 3743 1076 3808 simul
1094 3744 1186 3808 enixa
1204 3751 1260 3820 est,
1280 3743 1367 3825 quod

333 3853 438 3895 rarum
459 3831 638 3916 laetumque
661 3834 755 3898 etiam
777 3835 908 3901 modicis
931 3838 1112 3923 penatibus,
1139 3847 1226 3902 tanto
1248 3837 1366 3923 gaudio

334 3925 506 4012 prinoipem
524 3927 653 4006 adfecit,
672 3937 788 3994 utnon
806 3932 1024 4018 temperaverit
1042 3933 1119 4016 quin
1134 3933 1263 3998 iactaret
1282 3931 1368 4016 apud

334 4028 439 4103 patres
461 4023 538 4087 nulli
560 4033 632 4090 ante
649 4024 863 4091 Romanorum
886 4025 1027 4092 eiusdem
1045 4027 1164 4114 fastigii
1181 4026 1249 4092 viro
1267 4025 1368 4111 gemi-

335 4134 408 4176 nam
427 4115 555 4201 stirpem
574 4119 703 4184 editam:
726 4143 800 4186 nam
818 4129 943 4199 cuncta,
967 4121 1061 4186 etiam
1079 4121 1220 4198 sentite,
1240 4121 1281 4185 ad
1298 4119 1368 4206 glo-

336 4205 413 4270 riam
431 4210 585 4288 vertebat3
610 4214 667 4278 sed
683 4214 799 4300 populo
822 4215 877 4280 tali
894 4216 926 4280 in
948 4224 1087 4301 tempore
1108 4215 1142 4279 id
1163 4235 1288 4298 quoque
1311 4213 1367 4278 do-
