2960 4962
350 409 973 492 ANNAL1UML1B.VI.11-14.(5-s.)
1008 417 1012 424 ·
1106 403 1169 469 159

136 517 157 556 μ
166 503 210 545 cn
221 505 258 544 aa.

92 651 94 656 ,
134 573 266 648 luxum,
290 591 348 654 per
364 568 485 654 flagitia
500 566 642 645 infanfia
666 568 871 634 sanctissimis
889 567 1032 636 Arruntii
1049 573 1167 640 artibus

135 664 295 752 dignitate
313 663 440 728 ultionis
460 660 663 746 aequabatur.

201 757 247 841 Q,
272 756 433 824 Servaeus
458 755 592 842 posthac
616 763 648 820 et
673 755 835 823 Minucius
858 757 1014 824 Thermus
1039 760 1167 839 inducti,

136 852 303 919 Servaeus
320 860 467 936 praetura
483 850 660 924 functuset
677 850 836 934 quondam
855 849 1036 917 Germanici
1053 875 1168 933 comes,

135 946 305 1012 Minucius
327 945 465 1028 equestri
485 943 570 1023 loco,
595 944 737 1010 modeste
758 944 867 1010 habita
889 943 997 1012 Seiani
1019 947 1168 1026 amicitia;

136 1041 224 1106 unde
241 1039 306 1104 illis
324 1039 425 1104 maior
440 1038 608 1104 miseratio.
635 1047 743 1102 contra
761 1037 907 1105 Tiberius
924 1041 1111 1127 praecipuos
1129 1044 1169 1107 ad

137 1135 260 1201 scelera
277 1133 454 1218 increpans,
473 1133 634 1198 admonuit
652 1131 690 1197 C.
705 1131 849 1199 Cestium
865 1143 986 1219 patrem
1004 1135 1107 1200 dicere
1121 1159 1170 1201 se-

136 1229 227 1295 natui
245 1249 331 1313 quae
349 1226 410 1293 sibi
428 1227 618 1312 scripsisset3
637 1227 836 1313 suscepitque
851 1226 978 1293 Cestius
996 1230 1169 1295 accusatio-

137 1346 221 1390 nem.
240 1321 331 1407 quod
346 1320 483 1385 maxime
501 1319 658 1386 exitiabile
670 1321 769 1386 tulere
783 1321 837 1386 illa
848 1330 1002 1408 tempora,
1021 1345 1093 1388 cum
1105 1325 1169 1410 pri-

138 1439 243 1483 mores
267 1424 398 1482 senatus
423 1415 547 1479 infimas
574 1414 668 1480 etiam
693 1415 865 1482 delationes
891 1427 1084 1496 exercerent,
1115 1418 1168 1482 alii

139 1510 320 1597 propalam,
339 1507 430 1572 multi
446 1530 503 1592 per
520 1508 690 1586 occultum3
716 1531 817 1594 neque
840 1510 1031 1577 discerneres
1049 1512 1167 1578 alienos

139 1629 158 1670 a
174 1603 364 1680 coniunctis,
383 1602 500 1667 amicos
519 1602 558 1667 ab
575 1602 701 1689 ignotis,
720 1605 795 1687 quid
812 1625 923 1690 repens
941 1615 996 1670 aut
1012 1615 1168 1672 vetustate

139 1699 329 1765 obscurum:
350 1696 480 1781 perinde
502 1696 535 1760 in
556 1696 640 1773 foro,
657 1696 690 1761 in
707 1697 850 1764 convivio
867 1721 993 1784 quaqua
1009 1700 1049 1764 de
1070 1723 1104 1766 re
1121 1701 1167 1766 lo-

139 1793 203 1858 cuti
223 1790 467 1867 incusabantur,
493 1800 529 1854 ut
550 1790 621 1874 quis
642 1792 823 1876 praevenire
845 1801 878 1857 et
901 1815 990 1858 reum
1012 1793 1167 1858 destinare

139 1895 296 1973 properat,
316 1907 391 1970 pars
408 1885 450 1948 ad
467 1883 641 1949 subsidium
659 1885 717 1964 sui,
735 1886 841 1972 plures
858 1885 966 1951 infecti
983 1886 1075 1970 quasi
1091 1887 1169 1952 vali-

140 1982 248 2060 tudine
267 1989 301 2044 et
319 1987 473 2043 contactu.
493 1979 549 2044 sed
561 1977 722 2044 Minucius
740 1988 772 2044 et
786 1976 947 2045 'Servaeus
966 1980 1105 2044 damnati
1121 1981 1169 2044 in-

141 2074 263 2140 dicibus
283 2093 462 2150 accessere,
480 2073 632 2156 nactique
650 2073 774 2138 suntin
791 2094 900 2138 casum
917 2073 1051 2138 eundem
1068 2072 1168 2138 lulius

140 2167 316 2232 Africanus
335 2188 354 2230 e
372 2163 536 2244 Santonis,
559 2163 684 2231 Gallica
700 2165 839 2244 civitate,
860 2163 953 2232 Seius
973 2164 1168 2248 Quadratum

141 2261 297 2348 originem
314 2282 380 2324 non
395 2259 518 2345 repperi
523 2284 532 2337 ;
549 2281 651 2344 neque
665 2283 737 2324 sum
748 2259 877 2346 ignarus
891 2283 910 2325 a
922 2259 1079 2347 plerisque
1094 2261 1170 2326 scri-

141 2356 285 2442 ptoribus
304 2355 423 2420 omissa
439 2353 608 2419 multorum
625 2354 765 2440 pericula
782 2364 813 2420 et
829 2377 960 2441 poenas,
984 2357 1059 2422 dum
1078 2356 1169 2442 copia

142 2450 295 2516 fatiscunt
312 2457 367 2512 aut
383 2468 464 2531 quae
481 2447 559 2534 ipsis
576 2447 673 2513 nimia
690 2456 721 2514 et
738 2460 858 2515 maesta
878 2449 1016 2529 fuerant,
1043 2473 1083 2516 ne
1100 2451 1168 2538 pari

142 2543 244 2609 taedio
266 2542 404 2607 lecturos
427 2541 595 2606 adficerent
611 2553 771 2608 verentur:
798 2543 889 2610 nobis
906 2545 1055 2630 pleraque
1072 2547 1169 2633 digna

142 2637 273 2723 cognitu
292 2634 463 2712 obvenere,
480 2656 670 2720 quamquam
688 2635 728 2702 ab
746 2637 814 2702 aliis
832 2639 1030 2705 incelebrata.

204 2731 291 2796 Nam
309 2751 347 2794 ea
364 2739 549 2816 tempestate
572 2751 635 2816 qua
653 2729 760 2796 Seiani
781 2731 950 2798 amicitiam
972 2733 1168 2800 ceteri'lalso
1188 2744 1219 2794 lt

143 2833 305 2901 exuerant,
325 2845 422 2889 ausus
436 2833 484 2889 est
502 2845 598 2908 eques
616 2822 792 2902 Romanus,
811 2825 859 2890 M.
878 2825 1060 2902 Terentius,
1078 2826 1119 2892 ob
1136 2827 1169 2891 id
1186 2813 1216 2858 (Β)

143 2941 228 2997 reus,
248 2917 410 3002 amplecti,
437 2918 578 2983 adhunc
595 2919 724 2984 modum
742 2919 827 3004 apud
844 2928 988 2984 senatum
1005 2920 1168 2984 ordiendo:

145 3013 326 3092 „Fortunae
347 3011 474 3095 quidem
495 3035 584 3078 meae
606 3013 741 3078 fortasse
762 3012 867 3076 minus
889 3012 1035 3097 expediat
1051 3013 1171 3099 adgno-

144 3128 231 3172 scere
249 3105 370 3189 crimen
386 3127 480 3188 quam
498 3106 635 3172 abnuere
640 3131 649 3184 3
659 3107 725 3172 sed
742 3115 911 3189 utcumque
925 3127 1036 3169 casura
1048 3127 1098 3170 res
1112 3115 1170 3182 est,

144 3200 268 3266 fatebor
285 3209 318 3264 et
338 3199 439 3264 fuisse
460 3223 511 3265 me
531 3199 646 3267 Seiano
665 3201 814 3277 amicum,
842 3209 873 3265 et
895 3209 929 3264 ut
950 3221 1054 3267 essem
1076 3221 1171 3286 expe·

145 3295 230 3374 tisse,
250 3303 284 3358 et
299 3303 468 3378 postquam
485 3295 618 3382 adeptus
636 3317 721 3360 eram
738 3295 897 3360 laetatum.
919 3295 1059 3360 videram
1077 3295 1171 3362 colle·

145 3413 218 3477 gam
239 3387 340 3474 patris
363 3389 508 3475 regendis
530 3389 692 3475 praetoriis
715 3388 908 3468 cohortibus,
935 3413 1010 3455 mox
1024 3390 1113 3457 urbis
1140 3400 1171 3455 et

144 3484 274 3549 militiae
290 3482 399 3547 munia
417 3483 510 3548 simul
526 3482 708 3563 obeuntem
726 3484 808 3550 illius
825 3485 992 3572 propinqui
1006 3495 1037 3552 et
1051 3487 1170 3552 adfines

145 3575 317 3643 honoribus
333 3575 545 3663 augebantur3
563 3579 748 3663 utquisque
768 3578 883 3646 Seiano
904 3580 1047 3657 intimus,
1069 3581 1114 3645 ita
1129 3580 1171 3653 ad

147 3669 295 3737 Caesaris
313 3671 482 3736 amicitiam
499 3671 637 3752 validus;
660 3683 768 3740 contra
784 3674 898 3758 quibus
915 3673 1059 3738 infensus
1077 3681 1171 3748 esset,

144 3775 231 3830 metu
248 3787 287 3830 ac
305 3764 451 3831 sordibus
470 3766 735 3833 conflictabantur.
753 3788 812 3831 nec
824 3787 1014 3850 quemquam
1028 3763 1172 3848 exemplo

145 3859 293 3924 adsumo:
307 3870 437 3926 cunctos
447 3861 501 3944 qui
509 3861 671 3927 novissimi
680 3862 802 3926 consilii
811 3869 954 3943 expertes
963 3859 1091 3934 fuimus,
1101 3880 1172 3922 meo

145 3953 237 4018 unius
256 3953 438 4018 discrimine
455 3953 637 4019 defendamz
655 3953 813 4019 nonenim
828 3950 978 4016 Seianum
991 3950 1172 4017 Vulsinien-

146 4067 226 4124 sem,
254 4047 314 4112 sed
333 4045 485 4113 Claudiae
504 4057 535 4113 et
551 4047 652 4117 Iuliae
669 4049 782 4112 domus
799 4054 934 4131 partem,
960 4067 1039 4129 quas
1062 4045 1172 4111 adfini-

146 4147 207 4206 tate
224 4157 451 4226 occupaverat,
469 4151 568 4220 tuum,
588 4141 716 4219 Caesar,
740 4161 904 4227 generum,
927 4140 974 4206 tui
991 4140 1171 4208 considatus
