<?xml version="1.0" encoding="UTF-8"?>
<!DOCTYPE html PUBLIC "-//W3C//DTD XHTML 1.0 Transitional//EN"
    "http://www.w3.org/TR/xhtml1/DTD/xhtml1-transitional.dtd">
<html xmlns="http://www.w3.org/1999/xhtml" xml:lang="en" lang="en">
 <head>
  <title>
</title>
<meta http-equiv="Content-Type" content="text/html;charset=utf-8" />
  <meta name='ocr-system' content='tesseract 3.04.00' />
  <meta name='ocr-capabilities' content='ocr_page ocr_carea ocr_par ocr_line ocrx_word'/>
</head>
<body>
  <div class='ocr_page' id='page_1' title='image "./corneliitacitio00haasgoog_0346.png"; bbox 0 0 3020 4958; ppageno 0'>
   <div class='ocr_carea' id='block_1_1' title="bbox 156 453 1181 614">
    <p class='ocr_par' dir='ltr' id='par_1_1' title="bbox 156 453 1181 614">
     <span class='ocr_line' id='line_1_1' title="bbox 406 453 1181 524; baseline -0.005 0"><span class='ocrx_word' id='word_1_1' title='bbox 406 465 613 524; x_wconf 69' lang='lat' dir='ltr'>munerun</span> <span class='ocrx_word' id='word_1_2' title='bbox 630 465 706 520; x_wconf 81' lang='lat' dir='ltr'>nra.</span> <span class='ocrx_word' id='word_1_3' title='bbox 721 465 800 524; x_wconf 84' lang='lat' dir='ltr'>xrv.</span> <span class='ocrx_word' id='word_1_4' title='bbox 818 467 938 523; x_wconf 87' lang='lat'><strong>30-33.</strong></span> <span class='ocrx_word' id='word_1_5' title='bbox 1117 453 1181 520; x_wconf 82' lang='lat'>269</span> 
     </span>
     <span class='ocr_line' id='line_1_2' title="bbox 156 561 271 614; baseline -0.026 -12"><span class='ocrx_word' id='word_1_6' title='bbox 156 575 175 614; x_wconf 72' lang='grc' dir='ltr'>ρ.</span> <span class='ocrx_word' id='word_1_7' title='bbox 185 562 226 602; x_wconf 79' lang='lat' dir='ltr'>ca.</span> <span class='ocrx_word' id='word_1_8' title='bbox 236 561 271 600; x_wconf 81' lang='lat' dir='ltr'>sn.</span> 
     </span>
    </p>
   </div>
   <div class='ocr_carea' id='block_1_2' title="bbox 152 623 1311 2493">
    <p class='ocr_par' dir='ltr' id='par_1_2' title="bbox 152 623 1311 2493">
     <span class='ocr_line' id='line_1_3' title="bbox 154 623 1266 695; baseline -0.005 0"><span class='ocrx_word' id='word_1_9' title='bbox 154 653 210 695; x_wconf 89' lang='lat' dir='ltr'>nas</span> <span class='ocrx_word' id='word_1_10' title='bbox 225 624 441 692; x_wconf 86' lang='lat' dir='ltr'>effimdebant.</span> <span class='ocrx_word' id='word_1_11' title='bbox 458 646 517 688; x_wconf 89' lang='lat' dir='ltr'>nec</span> <span class='ocrx_word' id='word_1_12' title='bbox 530 623 662 688; x_wconf 87' lang='lat' dir='ltr'>arduum</span> <span class='ocrx_word' id='word_1_13' title='bbox 674 623 839 689; x_wconf 85' lang='lat' dir='ltr'>videbatur</span> <span class='ocrx_word' id='word_1_14' title='bbox 851 625 1015 690; x_wconf 82' lang='lat' dir='ltr'>excindere</span> <span class='ocrx_word' id='word_1_15' title='bbox 1028 625 1181 690; x_wconf 88' lang='lat' dir='ltr'>coloniam</span> <span class='ocrx_word' id='word_1_16' title='bbox 1263 675 1266 682; x_wconf 88' lang='lat'>.</span> 
     </span>
     <span class='ocr_line' id='line_1_4' title="bbox 153 715 1311 805; baseline -0.003 -17"><span class='ocrx_word' id='word_1_17' title='bbox 153 724 247 788; x_wconf 91' lang='lat' dir='ltr'>nullis</span> <span class='ocrx_word' id='word_1_18' title='bbox 262 719 463 786; x_wconf 88' lang='lat' dir='ltr'>munimentis</span> <span class='ocrx_word' id='word_1_19' title='bbox 477 729 612 804; x_wconf 83' lang='lat' dir='ltr'>septam3</span> <span class='ocrx_word' id='word_1_20' title='bbox 626 719 710 801; x_wconf 92' lang='lat' dir='ltr'>quod</span> <span class='ocrx_word' id='word_1_21' title='bbox 722 718 855 784; x_wconf 88' lang='lat' dir='ltr'>ducibus</span> <span class='ocrx_word' id='word_1_22' title='bbox 869 720 984 784; x_wconf 89' lang='lat' dir='ltr'>nostris</span> <span class='ocrx_word' id='word_1_23' title='bbox 991 741 1102 805; x_wconf 88' lang='lat' dir='ltr'>parum</span> <span class='ocrx_word' id='word_1_24' title='bbox 1111 741 1182 805; x_wconf 93' lang='lat' dir='ltr'>pro·</span> <span class='ocrx_word' id='word_1_25' title='bbox 1303 715 1311 730; x_wconf 82' lang='grc'><strong>’</strong></span> 
     </span>
     <span class='ocr_line' id='line_1_5' title="bbox 152 812 1151 898; baseline -0.006 -16"><span class='ocrx_word' id='word_1_26' title='bbox 152 818 258 882; x_wconf 66' lang='lat' dir='ltr'>nisum</span> <span class='ocrx_word' id='word_1_27' title='bbox 276 822 357 891; x_wconf 88' lang='lat' dir='ltr'>erat,</span> <span class='ocrx_word' id='word_1_28' title='bbox 375 813 451 876; x_wconf 91' lang='lat' dir='ltr'>dum</span> <span class='ocrx_word' id='word_1_29' title='bbox 469 812 648 876; x_wconf 75' lang='lat' dir='ltr'>amoenitati</span> <span class='ocrx_word' id='word_1_30' title='bbox 664 813 751 898; x_wconf 90' lang='lat' dir='ltr'>prius</span> <span class='ocrx_word' id='word_1_31' title='bbox 769 833 864 896; x_wconf 88' lang='lat' dir='ltr'>quam</span> <span class='ocrx_word' id='word_1_32' title='bbox 881 813 954 877; x_wconf 91' lang='lat' dir='ltr'>usui</span> <span class='ocrx_word' id='word_1_33' title='bbox 972 814 1151 878; x_wconf 78' lang='lat' dir='ltr'>consulitur.</span> 
     </span>
     <span class='ocr_line' id='line_1_6' title="bbox 217 893 1233 992; baseline 0 -19"><span class='ocrx_word' id='word_1_34' title='bbox 217 910 308 974; x_wconf 86' lang='lat' dir='ltr'>Inter</span> <span class='ocrx_word' id='word_1_35' title='bbox 328 928 408 990; x_wconf 86' lang='lat' dir='ltr'>quae</span> <span class='ocrx_word' id='word_1_36' title='bbox 430 905 516 970; x_wconf 89' lang='lat' dir='ltr'>nulla</span> <span class='ocrx_word' id='word_1_37' title='bbox 537 906 641 992; x_wconf 86' lang='lat' dir='ltr'>palam</span> <span class='ocrx_word' id='word_1_38' title='bbox 663 928 760 970; x_wconf 84' lang='lat' dir='ltr'>causa</span> <span class='ocrx_word' id='word_1_39' title='bbox 785 905 949 991; x_wconf 86' lang='lat' dir='ltr'>delapsum</span> <span class='ocrx_word' id='word_1_40' title='bbox 972 893 1183 972; x_wconf 85' lang='lat' dir='ltr'>Camuloduni</span> <span class='ocrx_word' id='word_1_41' title='bbox 1201 926 1233 973; x_wconf 78' lang='lat' dir='ltr'>aa</span> 
     </span>
     <span class='ocr_line' id='line_1_7' title="bbox 155 998 1183 1084; baseline -0.005 -15"><span class='ocrx_word' id='word_1_42' title='bbox 155 1003 358 1069; x_wconf 82' lang='lat' dir='ltr'>simulacrum</span> <span class='ocrx_word' id='word_1_43' title='bbox 379 998 537 1065; x_wconf 82' lang='lat' dir='ltr'>Victoriae</span> <span class='ocrx_word' id='word_1_44' title='bbox 558 1021 596 1064; x_wconf 87' lang='lat' dir='ltr'>ao</span> <span class='ocrx_word' id='word_1_45' title='bbox 617 1011 699 1064; x_wconf 92' lang='lat' dir='ltr'>retro</span> <span class='ocrx_word' id='word_1_46' title='bbox 721 1021 921 1078; x_wconf 83' lang='lat' dir='ltr'>conversum,</span> <span class='ocrx_word' id='word_1_47' title='bbox 948 1001 1039 1084; x_wconf 87' lang='lat' dir='ltr'>quasi</span> <span class='ocrx_word' id='word_1_48' title='bbox 1060 1001 1183 1064; x_wconf 86' lang='lat' dir='ltr'>cederet</span> 
     </span>
     <span class='ocr_line' id='line_1_8' title="bbox 154 1092 1199 1178; baseline -0.005 -17"><span class='ocrx_word' id='word_1_49' title='bbox 154 1095 314 1172; x_wconf 83' lang='lat' dir='ltr'>hostibus3</span> <span class='ocrx_word' id='word_1_50' title='bbox 338 1103 369 1158; x_wconf 90' lang='lat' dir='ltr'>et</span> <span class='ocrx_word' id='word_1_51' title='bbox 389 1093 525 1158; x_wconf 86' lang='lat' dir='ltr'>feminae</span> <span class='ocrx_word' id='word_1_52' title='bbox 545 1093 580 1156; x_wconf 92' lang='lat' dir='ltr'>in</span> <span class='ocrx_word' id='word_1_53' title='bbox 596 1092 734 1158; x_wconf 78' lang='lat' dir='ltr'>furorem</span> <span class='ocrx_word' id='word_1_54' title='bbox 755 1092 897 1158; x_wconf 88' lang='lat' dir='ltr'>turbatae</span> <span class='ocrx_word' id='word_1_55' title='bbox 919 1093 1030 1159; x_wconf 90' lang='lat' dir='ltr'>adesse</span> <span class='ocrx_word' id='word_1_56' title='bbox 1053 1093 1199 1178; x_wconf 20' lang='lat' dir='ltr'>exitium,</span> 
     </span>
     <span class='ocr_line' id='line_1_9' title="bbox 155 1186 1184 1269; baseline -0.005 -14"><span class='ocrx_word' id='word_1_57' title='bbox 155 1189 325 1262; x_wconf 85' lang='lat' dir='ltr'>canebant3</span> <span class='ocrx_word' id='word_1_58' title='bbox 340 1197 548 1269; x_wconf 87' lang='lat' dir='ltr'>externosque</span> <span class='ocrx_word' id='word_1_59' title='bbox 556 1186 699 1252; x_wconf 83' lang='lat' dir='ltr'>fremitus</span> <span class='ocrx_word' id='word_1_60' title='bbox 708 1187 742 1250; x_wconf 95' lang='lat' dir='ltr'>in</span> <span class='ocrx_word' id='word_1_61' title='bbox 751 1187 836 1251; x_wconf 90' lang='lat' dir='ltr'>curia</span> <span class='ocrx_word' id='word_1_62' title='bbox 845 1209 953 1252; x_wconf 88' lang='lat' dir='ltr'>eorum</span> <span class='ocrx_word' id='word_1_63' title='bbox 962 1187 1095 1264; x_wconf 86' lang='lat' dir='ltr'>auditos,</span> <span class='ocrx_word' id='word_1_64' title='bbox 1109 1209 1184 1251; x_wconf 91' lang='lat' dir='ltr'>con-</span> 
     </span>
     <span class='ocr_line' id='line_1_10' title="bbox 156 1279 1293 1366; baseline -0.004 -18"><span class='ocrx_word' id='word_1_65' title='bbox 156 1283 301 1348; x_wconf 91' lang='lat' dir='ltr'>sonuisse</span> <span class='ocrx_word' id='word_1_66' title='bbox 318 1279 489 1346; x_wconf 84' lang='lat' dir='ltr'>ululatibus</span> <span class='ocrx_word' id='word_1_67' title='bbox 506 1279 663 1344; x_wconf 79' lang='lat' dir='ltr'>theatrum</span> <span class='ocrx_word' id='word_1_68' title='bbox 680 1281 843 1363; x_wconf 83' lang='lat' dir='ltr'>visamque</span> <span class='ocrx_word' id='word_1_69' title='bbox 856 1282 992 1366; x_wconf 90' lang='lat' dir='ltr'>speciem</span> <span class='ocrx_word' id='word_1_70' title='bbox 1010 1282 1042 1346; x_wconf 93' lang='lat' dir='ltr'>in</span> <span class='ocrx_word' id='word_1_71' title='bbox 1060 1291 1184 1346; x_wconf 90' lang='lat' dir='ltr'>aestua·</span> <span class='ocrx_word' id='word_1_72' title='bbox 1289 1291 1293 1299; x_wconf 83' lang='lat'>&#39;</span> 
     </span>
     <span class='ocr_line' id='line_1_11' title="bbox 154 1372 1183 1452; baseline -0.004 -10"><span class='ocrx_word' id='word_1_73' title='bbox 154 1378 202 1443; x_wconf 90' lang='lat' dir='ltr'>rio</span> <span class='ocrx_word' id='word_1_74' title='bbox 229 1374 384 1440; x_wconf 87' lang='lat' dir='ltr'>Tamesae</span> <span class='ocrx_word' id='word_1_75' title='bbox 411 1372 580 1438; x_wconf 90' lang='lat' dir='ltr'>subversae</span> <span class='ocrx_word' id='word_1_76' title='bbox 606 1373 760 1452; x_wconf 89' lang='lat' dir='ltr'>coloniae;</span> <span class='ocrx_word' id='word_1_77' title='bbox 790 1375 853 1440; x_wconf 85' lang='lat' dir='ltr'>iem</span> <span class='ocrx_word' id='word_1_78' title='bbox 881 1373 1029 1441; x_wconf 85' lang='lat' dir='ltr'>Oceanus</span> <span class='ocrx_word' id='word_1_79' title='bbox 1056 1383 1183 1440; x_wconf 83' lang='lat' dir='ltr'>omento</span> 
     </span>
     <span class='ocr_line' id='line_1_12' title="bbox 155 1467 1184 1556; baseline -0.003 -21"><span class='ocrx_word' id='word_1_80' title='bbox 155 1479 301 1556; x_wconf 86' lang='lat' dir='ltr'>aspectu,</span> <span class='ocrx_word' id='word_1_81' title='bbox 320 1467 476 1533; x_wconf 74' lang='lat' dir='ltr'>dilabente</span> <span class='ocrx_word' id='word_1_82' title='bbox 493 1478 583 1532; x_wconf 89' lang='lat' dir='ltr'>aestu</span> <span class='ocrx_word' id='word_1_83' title='bbox 595 1467 803 1534; x_wconf 89' lang='lat' dir='ltr'>humanorum</span> <span class='ocrx_word' id='word_1_84' title='bbox 817 1491 981 1554; x_wconf 86' lang='lat' dir='ltr'>corporum</span> <span class='ocrx_word' id='word_1_85' title='bbox 1000 1468 1122 1555; x_wconf 88' lang='lat' dir='ltr'>effigies</span> <span class='ocrx_word' id='word_1_86' title='bbox 1135 1490 1184 1532; x_wconf 90' lang='lat' dir='ltr'>rc-</span> 
     </span>
     <span class='ocr_line' id='line_1_13' title="bbox 155 1561 1183 1648; baseline 0 -20"><span class='ocrx_word' id='word_1_87' title='bbox 155 1564 263 1640; x_wconf 85' lang='lat' dir='ltr'>lietae,</span> <span class='ocrx_word' id='word_1_88' title='bbox 282 1573 317 1627; x_wconf 89' lang='lat' dir='ltr'>ut</span> <span class='ocrx_word' id='word_1_89' title='bbox 333 1561 492 1626; x_wconf 90' lang='lat' dir='ltr'>Britannis</span> <span class='ocrx_word' id='word_1_90' title='bbox 511 1562 552 1626; x_wconf 86' lang='lat' dir='ltr'>ad</span> <span class='ocrx_word' id='word_1_91' title='bbox 569 1583 672 1648; x_wconf 90' lang='lat' dir='ltr'>spem,</span> <span class='ocrx_word' id='word_1_92' title='bbox 695 1563 740 1626; x_wconf 87' lang='lat' dir='ltr'>ita</span> <span class='ocrx_word' id='word_1_93' title='bbox 756 1563 910 1628; x_wconf 88' lang='lat' dir='ltr'>veteranis</span> <span class='ocrx_word' id='word_1_94' title='bbox 928 1564 970 1628; x_wconf 88' lang='lat' dir='ltr'>ad</span> <span class='ocrx_word' id='word_1_95' title='bbox 986 1573 1104 1628; x_wconf 89' lang='lat' dir='ltr'>metum</span> <span class='ocrx_word' id='word_1_96' title='bbox 1122 1573 1183 1628; x_wconf 85' lang='lat' dir='ltr'>tra·</span> 
     </span>
     <span class='ocr_line' id='line_1_14' title="bbox 156 1654 1183 1744; baseline -0.001 -22"><span class='ocrx_word' id='word_1_97' title='bbox 156 1657 321 1722; x_wconf 87' lang='lat' dir='ltr'>bebantur.</span> <span class='ocrx_word' id='word_1_98' title='bbox 352 1655 410 1721; x_wconf 92' lang='lat' dir='ltr'>sed</span> <span class='ocrx_word' id='word_1_99' title='bbox 430 1655 506 1739; x_wconf 87' lang='lat' dir='ltr'>quia</span> <span class='ocrx_word' id='word_1_100' title='bbox 529 1656 638 1741; x_wconf 88' lang='lat' dir='ltr'>procul</span> <span class='ocrx_word' id='word_1_101' title='bbox 662 1654 832 1722; x_wconf 87' lang='lat' dir='ltr'>Suetonius</span> <span class='ocrx_word' id='word_1_102' title='bbox 855 1656 976 1735; x_wconf 86' lang='lat' dir='ltr'>aberat,</span> <span class='ocrx_word' id='word_1_103' title='bbox 1003 1657 1141 1744; x_wconf 86' lang='lat' dir='ltr'>petivere</span> <span class='ocrx_word' id='word_1_104' title='bbox 1164 1680 1183 1721; x_wconf 89' lang='lat' dir='ltr'>a</span> 
     </span>
     <span class='ocr_line' id='line_1_15' title="bbox 157 1749 1256 1838; baseline 0 -22"><span class='ocrx_word' id='word_1_105' title='bbox 157 1751 239 1817; x_wconf 90' lang='lat' dir='ltr'>Cato</span> <span class='ocrx_word' id='word_1_106' title='bbox 248 1749 391 1814; x_wconf 87' lang='lat' dir='ltr'>Deciano</span> <span class='ocrx_word' id='word_1_107' title='bbox 399 1759 597 1834; x_wconf 88' lang='lat' dir='ltr'>procuratore</span> <span class='ocrx_word' id='word_1_108' title='bbox 606 1751 771 1816; x_wconf 76' lang='lat' dir='ltr'>auxiliumt</span> <span class='ocrx_word' id='word_1_109' title='bbox 784 1751 836 1816; x_wconf 91' lang='lat' dir='ltr'>ille</span> <span class='ocrx_word' id='word_1_110' title='bbox 845 1752 930 1816; x_wconf 91' lang='lat' dir='ltr'>haud</span> <span class='ocrx_word' id='word_1_111' title='bbox 943 1752 1077 1838; x_wconf 90' lang='lat' dir='ltr'>amplius</span> <span class='ocrx_word' id='word_1_112' title='bbox 1087 1773 1182 1835; x_wconf 88' lang='lat' dir='ltr'>quam</span> <span class='ocrx_word' id='word_1_113' title='bbox 1253 1749 1256 1756; x_wconf 80' lang='grc'><strong><em>’</em></strong></span> 
     </span>
     <span class='ocr_line' id='line_1_16' title="bbox 155 1842 1183 1923; baseline -0.001 -14"><span class='ocrx_word' id='word_1_114' title='bbox 155 1846 308 1910; x_wconf 86' lang='lat' dir='ltr'>ducentos</span> <span class='ocrx_word' id='word_1_115' title='bbox 328 1844 394 1907; x_wconf 89' lang='lat' dir='ltr'>sine</span> <span class='ocrx_word' id='word_1_116' title='bbox 412 1842 501 1908; x_wconf 90' lang='lat' dir='ltr'>iustis</span> <span class='ocrx_word' id='word_1_117' title='bbox 520 1843 614 1908; x_wconf 89' lang='lat' dir='ltr'>armis</span> <span class='ocrx_word' id='word_1_118' title='bbox 631 1845 730 1923; x_wconf 83' lang='lat' dir='ltr'>misit3</span> <span class='ocrx_word' id='word_1_119' title='bbox 749 1855 780 1910; x_wconf 90' lang='lat' dir='ltr'>et</span> <span class='ocrx_word' id='word_1_120' title='bbox 792 1845 892 1910; x_wconf 89' lang='lat' dir='ltr'>inerat</span> <span class='ocrx_word' id='word_1_121' title='bbox 909 1846 1031 1910; x_wconf 86' lang='lat' dir='ltr'>modica</span> <span class='ocrx_word' id='word_1_122' title='bbox 1049 1845 1183 1910; x_wconf 89' lang='lat' dir='ltr'>militum</span> 
     </span>
     <span class='ocr_line' id='line_1_17' title="bbox 156 1937 1184 2024; baseline 0 -22"><span class='ocrx_word' id='word_1_123' title='bbox 156 1961 279 2002; x_wconf 89' lang='lat' dir='ltr'>manus.</span> <span class='ocrx_word' id='word_1_124' title='bbox 302 1937 400 2001; x_wconf 91' lang='lat' dir='ltr'>tutela</span> <span class='ocrx_word' id='word_1_125' title='bbox 413 1937 519 2023; x_wconf 90' lang='lat' dir='ltr'>templi</span> <span class='ocrx_word' id='word_1_126' title='bbox 533 1937 613 2016; x_wconf 87' lang='lat' dir='ltr'>freti,</span> <span class='ocrx_word' id='word_1_127' title='bbox 633 1947 664 2002; x_wconf 90' lang='lat' dir='ltr'>et</span> <span class='ocrx_word' id='word_1_128' title='bbox 677 1938 919 2024; x_wconf 89' lang='lat' dir='ltr'>impedientibus</span> <span class='ocrx_word' id='word_1_129' title='bbox 933 1939 987 2022; x_wconf 92' lang='lat' dir='ltr'>qui</span> <span class='ocrx_word' id='word_1_130' title='bbox 1005 1938 1119 2003; x_wconf 93' lang='lat' dir='ltr'>occulti</span> <span class='ocrx_word' id='word_1_131' title='bbox 1135 1961 1184 2002; x_wconf 91' lang='lat' dir='ltr'>re·</span> 
     </span>
     <span class='ocr_line' id='line_1_18' title="bbox 157 2031 1184 2115; baseline -0.001 -18"><span class='ocrx_word' id='word_1_132' title='bbox 157 2031 303 2098; x_wconf 87' lang='lat' dir='ltr'>bellionis</span> <span class='ocrx_word' id='word_1_133' title='bbox 322 2031 439 2096; x_wconf 88' lang='lat' dir='ltr'>conscii</span> <span class='ocrx_word' id='word_1_134' title='bbox 456 2031 586 2096; x_wconf 85' lang='lat' dir='ltr'>consilia</span> <span class='ocrx_word' id='word_1_135' title='bbox 599 2031 776 2109; x_wconf 85' lang='lat' dir='ltr'>turbabant,</span> <span class='ocrx_word' id='word_1_136' title='bbox 795 2054 897 2115; x_wconf 90' lang='lat' dir='ltr'>neque</span> <span class='ocrx_word' id='word_1_137' title='bbox 910 2031 1030 2097; x_wconf 82' lang='lat' dir='ltr'>fossam</span> <span class='ocrx_word' id='word_1_138' title='bbox 1047 2042 1101 2096; x_wconf 91' lang='lat' dir='ltr'>aut</span> <span class='ocrx_word' id='word_1_139' title='bbox 1118 2031 1184 2096; x_wconf 87' lang='lat' dir='ltr'>val-</span> 
     </span>
     <span class='ocr_line' id='line_1_19' title="bbox 156 2125 1184 2210; baseline -0.001 -21"><span class='ocrx_word' id='word_1_140' title='bbox 156 2125 223 2189; x_wconf 93' lang='lat' dir='ltr'>lum</span> <span class='ocrx_word' id='word_1_141' title='bbox 239 2125 482 2210; x_wconf 84' lang='lat' dir='ltr'>praeduxerant,</span> <span class='ocrx_word' id='word_1_142' title='bbox 505 2146 607 2210; x_wconf 87' lang='lat' dir='ltr'>neque</span> <span class='ocrx_word' id='word_1_143' title='bbox 624 2125 721 2191; x_wconf 84' lang='lat' dir='ltr'>motis</span> <span class='ocrx_word' id='word_1_144' title='bbox 740 2125 867 2190; x_wconf 88' lang='lat' dir='ltr'>senibus</span> <span class='ocrx_word' id='word_1_145' title='bbox 886 2134 917 2189; x_wconf 94' lang='lat' dir='ltr'>et</span> <span class='ocrx_word' id='word_1_146' title='bbox 934 2125 1059 2188; x_wconf 77' lang='lat' dir='ltr'>feminis</span> <span class='ocrx_word' id='word_1_147' title='bbox 1076 2125 1184 2190; x_wconf 91' lang='lat' dir='ltr'>iuven-</span> 
     </span>
     <span class='ocr_line' id='line_1_20' title="bbox 157 2217 1185 2305; baseline 0 -22"><span class='ocrx_word' id='word_1_148' title='bbox 157 2231 209 2283; x_wconf 90' lang='lat' dir='ltr'>tus</span> <span class='ocrx_word' id='word_1_149' title='bbox 227 2219 295 2284; x_wconf 88' lang='lat' dir='ltr'>sola</span> <span class='ocrx_word' id='word_1_150' title='bbox 311 2219 436 2284; x_wconf 85' lang='lat' dir='ltr'>restitit:</span> <span class='ocrx_word' id='word_1_151' title='bbox 454 2218 546 2302; x_wconf 87' lang='lat' dir='ltr'>quasi</span> <span class='ocrx_word' id='word_1_152' title='bbox 559 2219 663 2283; x_wconf 86' lang='lat' dir='ltr'>media</span> <span class='ocrx_word' id='word_1_153' title='bbox 679 2240 757 2305; x_wconf 87' lang='lat' dir='ltr'>pace</span> <span class='ocrx_word' id='word_1_154' title='bbox 771 2219 887 2284; x_wconf 85' lang='lat' dir='ltr'>incauti</span> <span class='ocrx_word' id='word_1_155' title='bbox 900 2218 1097 2283; x_wconf 88' lang='lat' dir='ltr'>multitudine</span> <span class='ocrx_word' id='word_1_156' title='bbox 1114 2217 1185 2283; x_wconf 83' lang='lat' dir='ltr'>bar-</span> 
     </span>
     <span class='ocr_line' id='line_1_21' title="bbox 158 2312 1184 2398; baseline -0.002 -20"><span class='ocrx_word' id='word_1_157' title='bbox 158 2313 305 2378; x_wconf 88' lang='lat' dir='ltr'>barorum</span> <span class='ocrx_word' id='word_1_158' title='bbox 319 2313 612 2378; x_wconf 90' lang='lat' dir='ltr'>circumveniuntur.</span> <span class='ocrx_word' id='word_1_159' title='bbox 631 2322 662 2378; x_wconf 92' lang='lat' dir='ltr'>et</span> <span class='ocrx_word' id='word_1_160' title='bbox 676 2322 780 2378; x_wconf 87' lang='lat' dir='ltr'>cetera</span> <span class='ocrx_word' id='word_1_161' title='bbox 792 2313 919 2397; x_wconf 90' lang='lat' dir='ltr'>quidem</span> <span class='ocrx_word' id='word_1_162' title='bbox 930 2313 1050 2398; x_wconf 88' lang='lat' dir='ltr'>impetu</span> <span class='ocrx_word' id='word_1_163' title='bbox 1064 2312 1184 2397; x_wconf 89' lang='lat' dir='ltr'>direpta</span> 
     </span>
     <span class='ocr_line' id='line_1_22' title="bbox 158 2405 1182 2493; baseline -0.004 -21"><span class='ocrx_word' id='word_1_164' title='bbox 158 2417 212 2472; x_wconf 89' lang='lat' dir='ltr'>aut</span> <span class='ocrx_word' id='word_1_165' title='bbox 225 2406 355 2472; x_wconf 86' lang='lat' dir='ltr'>incensa</span> <span class='ocrx_word' id='word_1_166' title='bbox 368 2415 454 2472; x_wconf 90' lang='lat' dir='ltr'>sunt:</span> <span class='ocrx_word' id='word_1_167' title='bbox 473 2407 635 2493; x_wconf 90' lang='lat' dir='ltr'>templum,</span> <span class='ocrx_word' id='word_1_168' title='bbox 652 2407 686 2471; x_wconf 95' lang='lat' dir='ltr'>in</span> <span class='ocrx_word' id='word_1_169' title='bbox 698 2429 762 2491; x_wconf 90' lang='lat' dir='ltr'>quo</span> <span class='ocrx_word' id='word_1_170' title='bbox 776 2429 810 2472; x_wconf 91' lang='lat' dir='ltr'>se</span> <span class='ocrx_word' id='word_1_171' title='bbox 822 2406 913 2471; x_wconf 89' lang='lat' dir='ltr'>miles</span> <span class='ocrx_word' id='word_1_172' title='bbox 931 2405 1182 2492; x_wconf 83' lang='lat' dir='ltr'>conglobaverat,</span> 
     </span>
    </p>
   </div>
   <div class='ocr_carea' id='block_1_3' title="bbox 126 2499 1186 3132">
    <p class='ocr_par' dir='ltr' id='par_1_3' title="bbox 126 2499 1186 3132">
     <span class='ocr_line' id='line_1_23' title="bbox 157 2499 1185 2588; baseline -0.001 -22"><span class='ocrx_word' id='word_1_173' title='bbox 157 2501 255 2567; x_wconf 93' lang='lat' dir='ltr'>biduo</span> <span class='ocrx_word' id='word_1_174' title='bbox 273 2499 438 2567; x_wconf 89' lang='lat' dir='ltr'>obsessum</span> <span class='ocrx_word' id='word_1_175' title='bbox 459 2511 745 2588; x_wconf 88' lang='lat' dir='ltr'>expugnatumque.</span> <span class='ocrx_word' id='word_1_176' title='bbox 772 2511 804 2567; x_wconf 91' lang='lat' dir='ltr'>et</span> <span class='ocrx_word' id='word_1_177' title='bbox 820 2501 919 2567; x_wconf 88' lang='lat' dir='ltr'>victor</span> <span class='ocrx_word' id='word_1_178' title='bbox 935 2501 1106 2566; x_wconf 88' lang='lat' dir='ltr'>Britannus</span> <span class='ocrx_word' id='word_1_179' title='bbox 1123 2499 1185 2565; x_wconf 89' lang='lat' dir='ltr'>Pe·</span> 
     </span>
     <span class='ocr_line' id='line_1_24' title="bbox 158 2593 1185 2681; baseline -0.001 -21"><span class='ocrx_word' id='word_1_180' title='bbox 158 2596 223 2661; x_wconf 94' lang='lat' dir='ltr'>tilio</span> <span class='ocrx_word' id='word_1_181' title='bbox 248 2593 377 2671; x_wconf 89' lang='lat' dir='ltr'>Ceriali,</span> <span class='ocrx_word' id='word_1_182' title='bbox 400 2595 503 2680; x_wconf 89' lang='lat' dir='ltr'>legato</span> <span class='ocrx_word' id='word_1_183' title='bbox 525 2595 657 2681; x_wconf 85' lang='lat' dir='ltr'>legionis</span> <span class='ocrx_word' id='word_1_184' title='bbox 679 2617 793 2674; x_wconf 87' lang='lat' dir='ltr'>nonae,</span> <span class='ocrx_word' id='word_1_185' title='bbox 816 2596 849 2661; x_wconf 92' lang='lat' dir='ltr'>in</span> <span class='ocrx_word' id='word_1_186' title='bbox 871 2595 1047 2662; x_wconf 88' lang='lat' dir='ltr'>subsidium</span> <span class='ocrx_word' id='word_1_187' title='bbox 1069 2596 1185 2660; x_wconf 88' lang='lat' dir='ltr'>adven-</span> 
     </span>
     <span class='ocr_line' id='line_1_25' title="bbox 158 2688 1183 2776; baseline -0.001 -22"><span class='ocrx_word' id='word_1_188' title='bbox 158 2691 236 2755; x_wconf 87' lang='lat' dir='ltr'>tanti</span> <span class='ocrx_word' id='word_1_189' title='bbox 255 2688 366 2754; x_wconf 89' lang='lat' dir='ltr'>obvius</span> <span class='ocrx_word' id='word_1_190' title='bbox 389 2689 470 2752; x_wconf 86' lang='lat' dir='ltr'>fudit</span> <span class='ocrx_word' id='word_1_191' title='bbox 491 2689 660 2775; x_wconf 84' lang='lat' dir='ltr'>legionem,</span> <span class='ocrx_word' id='word_1_192' title='bbox 683 2699 715 2754; x_wconf 87' lang='lat' dir='ltr'>et</span> <span class='ocrx_word' id='word_1_193' title='bbox 735 2691 820 2775; x_wconf 92' lang='lat' dir='ltr'>quod</span> <span class='ocrx_word' id='word_1_194' title='bbox 838 2691 992 2776; x_wconf 91' lang='lat' dir='ltr'>peditum,</span> <span class='ocrx_word' id='word_1_195' title='bbox 1015 2689 1183 2754; x_wconf 83' lang='lat' dir='ltr'>interfecit:</span> 
     </span>
     <span class='ocr_line' id='line_1_26' title="bbox 159 2781 1185 2866; baseline -0.001 -17"><span class='ocrx_word' id='word_1_196' title='bbox 159 2782 293 2849; x_wconf 86' lang='lat' dir='ltr'>Cerialis</span> <span class='ocrx_word' id='word_1_197' title='bbox 311 2805 383 2848; x_wconf 89' lang='lat' dir='ltr'>oum</span> <span class='ocrx_word' id='word_1_198' title='bbox 401 2781 557 2866; x_wconf 91' lang='lat' dir='ltr'>equitibus</span> <span class='ocrx_word' id='word_1_199' title='bbox 574 2783 675 2848; x_wconf 89' lang='lat' dir='ltr'>evasit</span> <span class='ocrx_word' id='word_1_200' title='bbox 691 2784 725 2848; x_wconf 93' lang='lat' dir='ltr'>in</span> <span class='ocrx_word' id='word_1_201' title='bbox 742 2794 845 2849; x_wconf 89' lang='lat' dir='ltr'>castra</span> <span class='ocrx_word' id='word_1_202' title='bbox 863 2794 894 2848; x_wconf 92' lang='lat' dir='ltr'>et</span> <span class='ocrx_word' id='word_1_203' title='bbox 912 2783 1112 2848; x_wconf 90' lang='lat' dir='ltr'>munimentis</span> <span class='ocrx_word' id='word_1_204' title='bbox 1130 2785 1185 2848; x_wconf 90' lang='lat' dir='ltr'>de-</span> 
     </span>
     <span class='ocr_line' id='line_1_27' title="bbox 157 2876 1186 2962; baseline -0.002 -20"><span class='ocrx_word' id='word_1_205' title='bbox 157 2879 269 2944; x_wconf 83' lang='lat' dir='ltr'>fensus</span> <span class='ocrx_word' id='word_1_206' title='bbox 291 2887 348 2942; x_wconf 90' lang='lat' dir='ltr'>est.</span> <span class='ocrx_word' id='word_1_207' title='bbox 375 2899 436 2961; x_wconf 88' lang='lat' dir='ltr'>qua</span> <span class='ocrx_word' id='word_1_208' title='bbox 460 2877 548 2942; x_wconf 86' lang='lat' dir='ltr'>clade</span> <span class='ocrx_word' id='word_1_209' title='bbox 566 2887 598 2942; x_wconf 88' lang='lat' dir='ltr'>et</span> <span class='ocrx_word' id='word_1_210' title='bbox 619 2878 698 2943; x_wconf 93' lang='lat' dir='ltr'>odiis</span> <span class='ocrx_word' id='word_1_211' title='bbox 719 2878 912 2962; x_wconf 85' lang='lat' dir='ltr'>provinciae,</span> <span class='ocrx_word' id='word_1_212' title='bbox 939 2899 1034 2959; x_wconf 91' lang='lat' dir='ltr'>quam</span> <span class='ocrx_word' id='word_1_213' title='bbox 1056 2876 1186 2942; x_wconf 87' lang='lat' dir='ltr'>avaritia</span> 
     </span>
     <span class='ocr_line' id='line_1_28' title="bbox 126 2968 1185 3060; baseline -0.005 -21"><span class='ocrx_word' id='word_1_214' title='bbox 126 2971 131 2980; x_wconf 86' lang='grc'><strong>’</strong></span> <span class='ocrx_word' id='word_1_215' title='bbox 157 2976 189 3038; x_wconf 90' lang='lat' dir='ltr'>in</span> <span class='ocrx_word' id='word_1_216' title='bbox 212 2973 330 3039; x_wconf 91' lang='lat' dir='ltr'>bellum</span> <span class='ocrx_word' id='word_1_217' title='bbox 356 2982 476 3060; x_wconf 86' lang='lat' dir='ltr'>egerat,</span> <span class='ocrx_word' id='word_1_218' title='bbox 503 2972 642 3059; x_wconf 91' lang='lat' dir='ltr'>trepidus</span> <span class='ocrx_word' id='word_1_219' title='bbox 667 2981 850 3058; x_wconf 83' lang='lat' dir='ltr'>procurator</span> <span class='ocrx_word' id='word_1_220' title='bbox 872 2969 972 3035; x_wconf 87' lang='lat' dir='ltr'>Catus</span> <span class='ocrx_word' id='word_1_221' title='bbox 993 2970 1026 3034; x_wconf 93' lang='lat' dir='ltr'>in</span> <span class='ocrx_word' id='word_1_222' title='bbox 1049 2968 1185 3035; x_wconf 89' lang='lat' dir='ltr'>Galliam</span> 
     </span>
     <span class='ocr_line' id='line_1_29' title="bbox 157 3068 291 3132; baseline 0 0"><span class='ocrx_word' id='word_1_223' title='bbox 157 3068 291 3132; x_wconf 81' lang='lat' dir='ltr'>transiit.</span> 
     </span>
    </p>
   </div>
   <div class='ocr_carea' id='block_1_4' title="bbox 158 3155 1236 4279">
    <p class='ocr_par' dir='ltr' id='par_1_4' title="bbox 158 3155 1236 4279">
     <span class='ocr_line' id='line_1_30' title="bbox 222 3155 1236 3228; baseline -0.005 -2"><span class='ocrx_word' id='word_1_224' title='bbox 222 3160 270 3226; x_wconf 84' lang='lat' dir='ltr'>At</span> <span class='ocrx_word' id='word_1_225' title='bbox 285 3159 454 3228; x_wconf 88' lang='lat' dir='ltr'>Suetonius</span> <span class='ocrx_word' id='word_1_226' title='bbox 468 3161 548 3226; x_wconf 89' lang='lat' dir='ltr'>mira</span> <span class='ocrx_word' id='word_1_227' title='bbox 565 3159 740 3226; x_wconf 88' lang='lat' dir='ltr'>constantia</span> <span class='ocrx_word' id='word_1_228' title='bbox 752 3158 871 3224; x_wconf 88' lang='lat' dir='ltr'>medios</span> <span class='ocrx_word' id='word_1_229' title='bbox 885 3157 966 3222; x_wconf 88' lang='lat' dir='ltr'>inter</span> <span class='ocrx_word' id='word_1_230' title='bbox 978 3155 1085 3222; x_wconf 93' lang='lat' dir='ltr'>hostes</span> <span class='ocrx_word' id='word_1_231' title='bbox 1099 3156 1186 3220; x_wconf 90' lang='lat' dir='ltr'>Lon·</span> <span class='ocrx_word' id='word_1_232' title='bbox 1204 3173 1236 3221; x_wconf 79' lang='lat' dir='ltr'>aa</span> 
     </span>
     <span class='ocr_line' id='line_1_31' title="bbox 158 3248 1185 3344; baseline -0.005 -25"><span class='ocrx_word' id='word_1_233' title='bbox 158 3255 280 3319; x_wconf 90' lang='lat' dir='ltr'>dinium</span> <span class='ocrx_word' id='word_1_234' title='bbox 293 3256 437 3340; x_wconf 86' lang='lat' dir='ltr'>perrexit,</span> <span class='ocrx_word' id='word_1_235' title='bbox 456 3264 665 3342; x_wconf 86' lang='lat' dir='ltr'>cognomento</span> <span class='ocrx_word' id='word_1_236' title='bbox 678 3254 805 3337; x_wconf 93' lang='lat' dir='ltr'>quidem</span> <span class='ocrx_word' id='word_1_237' title='bbox 819 3252 958 3318; x_wconf 88' lang='lat' dir='ltr'>coloniae</span> <span class='ocrx_word' id='word_1_238' title='bbox 971 3273 1036 3344; x_wconf 78' lang='lat' dir='ltr'>noa</span> <span class='ocrx_word' id='word_1_239' title='bbox 1052 3248 1185 3335; x_wconf 89' lang='lat' dir='ltr'>insigne,</span> 
     </span>
     <span class='ocr_line' id='line_1_32' title="bbox 159 3344 1185 3435; baseline -0.003 -23"><span class='ocrx_word' id='word_1_240' title='bbox 159 3349 217 3412; x_wconf 89' lang='lat' dir='ltr'>sed</span> <span class='ocrx_word' id='word_1_241' title='bbox 235 3350 326 3432; x_wconf 88' lang='lat' dir='ltr'>copia</span> <span class='ocrx_word' id='word_1_242' title='bbox 343 3349 570 3435; x_wconf 83' lang='lat' dir='ltr'>negotiatorum</span> <span class='ocrx_word' id='word_1_243' title='bbox 592 3359 623 3414; x_wconf 92' lang='lat' dir='ltr'>et</span> <span class='ocrx_word' id='word_1_244' title='bbox 641 3356 871 3414; x_wconf 85' lang='lat' dir='ltr'>commeatuum</span> <span class='ocrx_word' id='word_1_245' title='bbox 892 3346 1028 3412; x_wconf 86' lang='lat' dir='ltr'>maxime</span> <span class='ocrx_word' id='word_1_246' title='bbox 1050 3344 1185 3423; x_wconf 88' lang='lat' dir='ltr'>celebre;</span> 
     </span>
     <span class='ocr_line' id='line_1_33' title="bbox 158 3441 1187 3530; baseline -0.001 -26"><span class='ocrx_word' id='word_1_247' title='bbox 158 3442 203 3505; x_wconf 91' lang='lat' dir='ltr'>ibi</span> <span class='ocrx_word' id='word_1_248' title='bbox 219 3441 388 3527; x_wconf 89' lang='lat' dir='ltr'>ambiguus</span> <span class='ocrx_word' id='word_1_249' title='bbox 406 3467 446 3507; x_wconf 92' lang='lat' dir='ltr'>an</span> <span class='ocrx_word' id='word_1_250' title='bbox 463 3443 549 3508; x_wconf 88' lang='lat' dir='ltr'>illam</span> <span class='ocrx_word' id='word_1_251' title='bbox 562 3443 669 3508; x_wconf 88' lang='lat' dir='ltr'>sedem</span> <span class='ocrx_word' id='word_1_252' title='bbox 682 3443 765 3509; x_wconf 91' lang='lat' dir='ltr'>bello</span> <span class='ocrx_word' id='word_1_253' title='bbox 783 3442 941 3530; x_wconf 86' lang='lat' dir='ltr'>deligeret,</span> <span class='ocrx_word' id='word_1_254' title='bbox 961 3441 1187 3526; x_wconf 86' lang='lat' dir='ltr'>circumspecta</span> 
     </span>
     <span class='ocr_line' id='line_1_34' title="bbox 158 3534 1187 3624; baseline 0 -26"><span class='ocrx_word' id='word_1_255' title='bbox 158 3534 369 3617; x_wconf 86' lang='lat' dir='ltr'>infrequentia</span> <span class='ocrx_word' id='word_1_256' title='bbox 385 3537 501 3613; x_wconf 87' lang='lat' dir='ltr'>militis,</span> <span class='ocrx_word' id='word_1_257' title='bbox 521 3537 659 3622; x_wconf 88' lang='lat' dir='ltr'>satisque</span> <span class='ocrx_word' id='word_1_258' title='bbox 676 3538 800 3624; x_wconf 84' lang='lat' dir='ltr'>magnis</span> <span class='ocrx_word' id='word_1_259' title='bbox 818 3536 1013 3602; x_wconf 89' lang='lat' dir='ltr'>documentis</span> <span class='ocrx_word' id='word_1_260' title='bbox 1031 3535 1187 3600; x_wconf 87' lang='lat' dir='ltr'>temerita-</span> 
     </span>
     <span class='ocr_line' id='line_1_35' title="bbox 159 3627 1188 3718; baseline 0.002 -28"><span class='ocrx_word' id='word_1_261' title='bbox 159 3639 224 3692; x_wconf 92' lang='lat' dir='ltr'>tem</span> <span class='ocrx_word' id='word_1_262' title='bbox 249 3627 355 3693; x_wconf 91' lang='lat' dir='ltr'>Petilii</span> <span class='ocrx_word' id='word_1_263' title='bbox 380 3631 560 3708; x_wconf 88' lang='lat' dir='ltr'>coercitam,</span> <span class='ocrx_word' id='word_1_264' title='bbox 586 3633 680 3696; x_wconf 92' lang='lat' dir='ltr'>unius</span> <span class='ocrx_word' id='word_1_265' title='bbox 706 3632 812 3718; x_wconf 90' lang='lat' dir='ltr'>oppidi</span> <span class='ocrx_word' id='word_1_266' title='bbox 834 3632 949 3696; x_wconf 88' lang='lat' dir='ltr'>damno</span> <span class='ocrx_word' id='word_1_267' title='bbox 972 3651 1096 3696; x_wconf 84' lang='lat' dir='ltr'>servare</span> <span class='ocrx_word' id='word_1_268' title='bbox 1120 3629 1188 3692; x_wconf 90' lang='lat' dir='ltr'>uni-</span> 
     </span>
     <span class='ocr_line' id='line_1_36' title="bbox 158 3722 1187 3808; baseline -0.001 -23"><span class='ocrx_word' id='word_1_269' title='bbox 158 3742 252 3787; x_wconf 85' lang='lat' dir='ltr'>versa</span> <span class='ocrx_word' id='word_1_270' title='bbox 270 3722 391 3801; x_wconf 87' lang='lat' dir='ltr'>statuit,</span> <span class='ocrx_word' id='word_1_271' title='bbox 414 3745 516 3808; x_wconf 89' lang='lat' dir='ltr'>neque</span> <span class='ocrx_word' id='word_1_272' title='bbox 534 3725 609 3790; x_wconf 87' lang='lat' dir='ltr'>fletu</span> <span class='ocrx_word' id='word_1_273' title='bbox 627 3735 658 3790; x_wconf 92' lang='lat' dir='ltr'>et</span> <span class='ocrx_word' id='word_1_274' title='bbox 674 3726 810 3792; x_wconf 91' lang='lat' dir='ltr'>lacrimis</span> <span class='ocrx_word' id='word_1_275' title='bbox 833 3725 984 3790; x_wconf 89' lang='lat' dir='ltr'>auxilium</span> <span class='ocrx_word' id='word_1_276' title='bbox 1006 3723 1074 3787; x_wconf 93' lang='lat' dir='ltr'>eius</span> <span class='ocrx_word' id='word_1_277' title='bbox 1097 3743 1187 3785; x_wconf 87' lang='lat' dir='ltr'>oran-</span> 
     </span>
     <span class='ocr_line' id='line_1_37' title="bbox 160 3811 1188 3904; baseline -0.002 -26"><span class='ocrx_word' id='word_1_278' title='bbox 160 3815 239 3880; x_wconf 90' lang='lat' dir='ltr'>tium</span> <span class='ocrx_word' id='word_1_279' title='bbox 259 3815 361 3881; x_wconf 89' lang='lat' dir='ltr'>flexus</span> <span class='ocrx_word' id='word_1_280' title='bbox 385 3827 446 3895; x_wconf 91' lang='lat' dir='ltr'>est,</span> <span class='ocrx_word' id='word_1_281' title='bbox 469 3819 544 3901; x_wconf 91' lang='lat' dir='ltr'>quin</span> <span class='ocrx_word' id='word_1_282' title='bbox 566 3818 654 3884; x_wconf 89' lang='lat' dir='ltr'>daret</span> <span class='ocrx_word' id='word_1_283' title='bbox 675 3818 876 3904; x_wconf 87' lang='lat' dir='ltr'>profectionis</span> <span class='ocrx_word' id='word_1_284' title='bbox 899 3818 1025 3902; x_wconf 89' lang='lat' dir='ltr'>signum</span> <span class='ocrx_word' id='word_1_285' title='bbox 1043 3824 1074 3878; x_wconf 91' lang='lat' dir='ltr'>et</span> <span class='ocrx_word' id='word_1_286' title='bbox 1091 3811 1188 3878; x_wconf 87' lang='lat' dir='ltr'>comi·</span> 
     </span>
     <span class='ocr_line' id='line_1_38' title="bbox 160 3907 1187 3998; baseline -0.004 -25"><span class='ocrx_word' id='word_1_287' title='bbox 160 3919 262 3974; x_wconf 89' lang='lat' dir='ltr'>tantes</span> <span class='ocrx_word' id='word_1_288' title='bbox 279 3911 313 3974; x_wconf 92' lang='lat' dir='ltr'>in</span> <span class='ocrx_word' id='word_1_289' title='bbox 329 3921 450 3996; x_wconf 86' lang='lat' dir='ltr'>partem</span> <span class='ocrx_word' id='word_1_290' title='bbox 468 3913 603 3998; x_wconf 87' lang='lat' dir='ltr'>agminis</span> <span class='ocrx_word' id='word_1_291' title='bbox 621 3913 788 3998; x_wconf 85' lang='lat' dir='ltr'>acciperet3</span> <span class='ocrx_word' id='word_1_292' title='bbox 807 3912 834 3976; x_wconf 92' lang='lat' dir='ltr'>si</span> <span class='ocrx_word' id='word_1_293' title='bbox 852 3932 932 3993; x_wconf 92' lang='lat' dir='ltr'>quos</span> <span class='ocrx_word' id='word_1_294' title='bbox 949 3907 1073 3973; x_wconf 89' lang='lat' dir='ltr'>inbellis</span> <span class='ocrx_word' id='word_1_295' title='bbox 1092 3928 1187 3971; x_wconf 87' lang='lat' dir='ltr'>sexus</span> 
     </span>
     <span class='ocr_line' id='line_1_39' title="bbox 159 4000 1188 4084; baseline -0.003 -18"><span class='ocrx_word' id='word_1_296' title='bbox 159 4012 215 4067; x_wconf 89' lang='lat' dir='ltr'>aut</span> <span class='ocrx_word' id='word_1_297' title='bbox 231 4003 319 4070; x_wconf 82' lang='lat' dir='ltr'>fessa</span> <span class='ocrx_word' id='word_1_298' title='bbox 341 4015 428 4070; x_wconf 86' lang='lat' dir='ltr'>aetas</span> <span class='ocrx_word' id='word_1_299' title='bbox 451 4006 501 4070; x_wconf 86' lang='lat' dir='ltr'>vel</span> <span class='ocrx_word' id='word_1_300' title='bbox 523 4006 584 4071; x_wconf 83' lang='lat' dir='ltr'>lo&#39;ei</span> <span class='ocrx_word' id='word_1_301' title='bbox 607 4006 740 4070; x_wconf 88' lang='lat' dir='ltr'>dulcedo</span> <span class='ocrx_word' id='word_1_302' title='bbox 762 4005 942 4078; x_wconf 85' lang='lat' dir='ltr'>attinuerat,</span> <span class='ocrx_word' id='word_1_303' title='bbox 966 4001 1006 4066; x_wconf 85' lang='lat' dir='ltr'>ab</span> <span class='ocrx_word' id='word_1_304' title='bbox 1024 4000 1114 4065; x_wconf 86' lang='lat' dir='ltr'>hoste</span> <span class='ocrx_word' id='word_1_305' title='bbox 1132 4021 1188 4084; x_wconf 91' lang='lat' dir='ltr'>op-</span> 
     </span>
     <span class='ocr_line' id='line_1_40' title="bbox 158 4089 1187 4182; baseline -0.001 -23"><span class='ocrx_word' id='word_1_306' title='bbox 158 4097 262 4181; x_wconf 90' lang='lat' dir='ltr'>pressi</span> <span class='ocrx_word' id='word_1_307' title='bbox 280 4108 362 4164; x_wconf 88' lang='lat' dir='ltr'>sunt.</span> <span class='ocrx_word' id='word_1_308' title='bbox 385 4099 496 4164; x_wconf 86' lang='lat' dir='ltr'>eadem</span> <span class='ocrx_word' id='word_1_309' title='bbox 514 4098 617 4166; x_wconf 83' lang='lat' dir='ltr'>clades</span> <span class='ocrx_word' id='word_1_310' title='bbox 636 4097 805 4182; x_wconf 88' lang='lat' dir='ltr'>municipio</span> <span class='ocrx_word' id='word_1_311' title='bbox 822 4093 1004 4160; x_wconf 88' lang='lat' dir='ltr'>Verulamio</span> <span class='ocrx_word' id='word_1_312' title='bbox 1021 4091 1095 4171; x_wconf 87' lang='lat' dir='ltr'>fuit,</span> <span class='ocrx_word' id='word_1_313' title='bbox 1114 4089 1187 4176; x_wconf 87' lang='lat' dir='ltr'>quia</span> 
     </span>
     <span class='ocr_line' id='line_1_41' title="bbox 159 4187 1188 4279; baseline 0.001 -26"><span class='ocrx_word' id='word_1_314' title='bbox 159 4188 286 4255; x_wconf 87' lang='lat' dir='ltr'>barbari</span> <span class='ocrx_word' id='word_1_315' title='bbox 313 4191 438 4258; x_wconf 90' lang='lat' dir='ltr'>omissis</span> <span class='ocrx_word' id='word_1_316' title='bbox 465 4193 599 4270; x_wconf 82' lang='lat' dir='ltr'>castellis</span> <span class='ocrx_word' id='word_1_317' title='bbox 625 4191 852 4279; x_wconf 86' lang='lat' dir='ltr'>praesidiisque</span> <span class='ocrx_word' id='word_1_318' title='bbox 878 4187 1071 4267; x_wconf 88' lang='lat' dir='ltr'>militarium,</span> <span class='ocrx_word' id='word_1_319' title='bbox 1103 4187 1188 4273; x_wconf 89' lang='lat' dir='ltr'>quod</span> 
     </span>
    </p>
   </div>
   <div class='ocr_carea' id='block_1_5' title="bbox 0 0 1520 4958">
    <p class='ocr_par' dir='ltr' id='par_1_5' title="bbox 0 0 1520 4958">
     <span class='ocr_line' id='line_1_42' title="bbox 0 0 1520 4958; baseline 0 0"><span class='ocrx_word' id='word_1_320' title='bbox 0 0 1520 4958; x_wconf 95' lang='lat' dir='ltr'> </span> 
     </span>
    </p>
   </div>
  </div>
 </body>
</html>
