<?xml version="1.0" encoding="UTF-8"?>
<!DOCTYPE html PUBLIC "-//W3C//DTD XHTML 1.0 Transitional//EN"
    "http://www.w3.org/TR/xhtml1/DTD/xhtml1-transitional.dtd">
<html xmlns="http://www.w3.org/1999/xhtml" xml:lang="en" lang="en">
 <head>
  <title>
</title>
<meta http-equiv="Content-Type" content="text/html;charset=utf-8" />
  <meta name='ocr-system' content='tesseract 3.04.00' />
  <meta name='ocr-capabilities' content='ocr_page ocr_carea ocr_par ocr_line ocrx_word'/>
</head>
<body>
  <div class='ocr_page' id='page_1' title='image "./corneliitacitio00haasgoog_0365.png"; bbox 0 0 3020 4958; ppageno 0'>
   <div class='ocr_carea' id='block_1_1' title="bbox 327 455 1007 524">
    <p class='ocr_par' dir='ltr' id='par_1_1' title="bbox 327 455 1007 524">
     <span class='ocr_line' id='line_1_1' title="bbox 327 455 1007 524; baseline -0.003 -2"><span class='ocrx_word' id='word_1_1' title='bbox 327 455 390 522; x_wconf 83' lang='lat'>288</span> <span class='ocrx_word' id='word_1_2' title='bbox 680 463 1007 524; x_wconf 80' lang='lat' dir='ltr'>conunnnrscrrr</span> 
     </span>
    </p>
   </div>
   <div class='ocr_carea' id='block_1_2' title="bbox 326 559 1360 710">
    <p class='ocr_par' dir='ltr' id='par_1_2' title="bbox 326 559 1360 710">
     <span class='ocr_line' id='line_1_2' title="bbox 326 559 1360 710; baseline -0.001 -18"><span class='ocrx_word' id='word_1_3' title='bbox 326 625 380 704; x_wconf 90' lang='lat' dir='ltr'>tis,</span> <span class='ocrx_word' id='word_1_4' title='bbox 399 645 494 709; x_wconf 89' lang='lat' dir='ltr'>quem</span> <span class='ocrx_word' id='word_1_5' title='bbox 511 617 604 710; x_wconf 83' lang='lat' dir='ltr'>pbnte</span> <span class='ocrx_word' id='word_1_6' title='bbox 622 621 848 701; x_wconf 88' lang='lat' dir='ltr'>tramittebant,</span> <span class='ocrx_word' id='word_1_7' title='bbox 871 623 957 688; x_wconf 90' lang='lat' dir='ltr'>nulla</span> <span class='ocrx_word' id='word_1_8' title='bbox 973 623 1079 710; x_wconf 85' lang='lat' dir='ltr'>palam</span> <span class='ocrx_word' id='word_1_9' title='bbox 1096 645 1192 689; x_wconf 88' lang='lat' dir='ltr'>causa</span> <span class='ocrx_word' id='word_1_10' title='bbox 1210 559 1360 691; x_wconf 65' lang='lat' dir='ltr'>tuibbilb</span> 
     </span>
    </p>
   </div>
   <div class='ocr_carea' id='block_1_3' title="bbox 171 716 1361 4280">
    <p class='ocr_par' dir='ltr' id='par_1_3' title="bbox 326 716 1361 804">
     <span class='ocr_line' id='line_1_3' title="bbox 326 716 1361 804; baseline 0.001 -21"><span class='ocrx_word' id='word_1_11' title='bbox 326 741 437 804; x_wconf 88' lang='lat' dir='ltr'>equus,</span> <span class='ocrx_word' id='word_1_12' title='bbox 452 719 507 803; x_wconf 88' lang='lat' dir='ltr'>qui</span> <span class='ocrx_word' id='word_1_13' title='bbox 515 718 691 784; x_wconf 84' lang='lat' dir='ltr'>consularia</span> <span class='ocrx_word' id='word_1_14' title='bbox 704 717 840 803; x_wconf 89' lang='lat' dir='ltr'>insignia</span> <span class='ocrx_word' id='word_1_15' title='bbox 852 716 1007 803; x_wconf 77' lang='lat' dir='ltr'>gestabat,</span> <span class='ocrx_word' id='word_1_16' title='bbox 1021 726 1105 783; x_wconf 91' lang='lat' dir='ltr'>retro</span> <span class='ocrx_word' id='word_1_17' title='bbox 1113 718 1222 796; x_wconf 81' lang='lat' dir='ltr'>evasit,</span> <span class='ocrx_word' id='word_1_18' title='bbox 1237 719 1361 784; x_wconf 86' lang='lat' dir='ltr'>hostia-</span> 
     </span>
    </p>

    <p class='ocr_par' dir='ltr' id='par_1_4' title="bbox 326 809 1361 897">
     <span class='ocr_line' id='line_1_4' title="bbox 326 809 1361 897; baseline 0.002 -21"><span class='ocrx_word' id='word_1_19' title='bbox 326 834 388 897; x_wconf 92' lang='lat' dir='ltr'>que</span> <span class='ocrx_word' id='word_1_20' title='bbox 414 833 496 897; x_wconf 85' lang='lat' dir='ltr'>quae</span> <span class='ocrx_word' id='word_1_21' title='bbox 521 811 741 877; x_wconf 76' lang='lat' dir='ltr'><strong>muniebantur</strong></span> <span class='ocrx_word' id='word_1_22' title='bbox 771 809 981 876; x_wconf 78' lang='lat' dir='ltr'>hibernaculis</span> <span class='ocrx_word' id='word_1_23' title='bbox 1007 811 1163 877; x_wconf 70' lang='lat' dir='ltr'>adsistens</span> <span class='ocrx_word' id='word_1_24' title='bbox 1191 812 1361 878; x_wconf 74' lang='lat' dir='ltr'>semifacta</span> 
     </span>
    </p>

    <p class='ocr_par' dir='ltr' id='par_1_5' title="bbox 326 905 1359 994">
     <span class='ocr_line' id='line_1_5' title="bbox 326 905 1359 994; baseline -0.001 -22"><span class='ocrx_word' id='word_1_25' title='bbox 326 929 422 993; x_wconf 91' lang='lat' dir='ltr'>opera</span> <span class='ocrx_word' id='word_1_26' title='bbox 439 907 517 994; x_wconf 85' lang='lat' dir='ltr'>fuga</span> <span class='ocrx_word' id='word_1_27' title='bbox 542 907 683 992; x_wconf 85' lang='lat' dir='ltr'>perrupit</span> <span class='ocrx_word' id='word_1_28' title='bbox 705 927 802 990; x_wconf 93' lang='lat' dir='ltr'>seque</span> <span class='ocrx_word' id='word_1_29' title='bbox 824 905 1054 983; x_wconf 84' lang='lat' dir='ltr'>valloextulit,</span> <span class='ocrx_word' id='word_1_30' title='bbox 1082 915 1114 970; x_wconf 90' lang='lat' dir='ltr'>et</span> <span class='ocrx_word' id='word_1_31' title='bbox 1134 906 1199 991; x_wconf 88' lang='lat' dir='ltr'>pila</span> <span class='ocrx_word' id='word_1_32' title='bbox 1220 907 1359 972; x_wconf 91' lang='lat' dir='ltr'>militum</span> 
     </span>
    </p>

    <p class='ocr_par' dir='ltr' id='par_1_6' title="bbox 191 998 1360 1188">
     <span class='ocr_line' id='line_1_6' title="bbox 327 998 1360 1088; baseline 0 -22"><span class='ocrx_word' id='word_1_33' title='bbox 327 1023 441 1079; x_wconf 88' lang='lat' dir='ltr'>arsere,</span> <span class='ocrx_word' id='word_1_34' title='bbox 460 1001 562 1087; x_wconf 86' lang='lat' dir='ltr'>magis</span> <span class='ocrx_word' id='word_1_35' title='bbox 579 999 696 1088; x_wconf 86' lang='lat' dir='ltr'>insigni</span> <span class='ocrx_word' id='word_1_36' title='bbox 713 998 866 1086; x_wconf 84' lang='lat' dir='ltr'>prodigia,</span> <span class='ocrx_word' id='word_1_37' title='bbox 885 999 960 1084; x_wconf 90' lang='lat' dir='ltr'>quia</span> <span class='ocrx_word' id='word_1_38' title='bbox 976 999 1113 1066; x_wconf 90' lang='lat' dir='ltr'>Parthus</span> <span class='ocrx_word' id='word_1_39' title='bbox 1131 1000 1232 1066; x_wconf 91' lang='lat' dir='ltr'>hostis</span> <span class='ocrx_word' id='word_1_40' title='bbox 1249 1002 1360 1067; x_wconf 91' lang='lat' dir='ltr'>missi-</span> 
     </span>
     <span class='ocr_line' id='line_1_7' title="bbox 191 1093 664 1188; baseline -0.002 -27"><span class='ocrx_word' id='word_1_41' title='bbox 191 1179 195 1188; x_wconf 26' lang='lat'><strong>·</strong></span> <span class='ocrx_word' id='word_1_42' title='bbox 326 1096 409 1162; x_wconf 90' lang='lat' dir='ltr'>libus</span> <span class='ocrx_word' id='word_1_43' title='bbox 428 1095 499 1162; x_wconf 88' lang='lat' dir='ltr'>telis</span> <span class='ocrx_word' id='word_1_44' title='bbox 517 1093 664 1161; x_wconf 87' lang='lat' dir='ltr'>decertat.</span> 
     </span>
    </p>

    <p class='ocr_par' dir='ltr' id='par_1_7' title="bbox 292 1187 1359 2119">
     <span class='ocr_line' id='line_1_8' title="bbox 292 1187 1359 1274; baseline -0.005 -16"><span class='ocrx_word' id='word_1_45' title='bbox 292 1209 308 1258; x_wconf 84' lang='lat'>8</span> <span class='ocrx_word' id='word_1_46' title='bbox 392 1189 542 1257; x_wconf 86' lang='lat' dir='ltr'>Ceterum</span> <span class='ocrx_word' id='word_1_47' title='bbox 549 1189 669 1255; x_wconf 90' lang='lat' dir='ltr'>Paetus</span> <span class='ocrx_word' id='word_1_48' title='bbox 688 1188 801 1274; x_wconf 87' lang='lat' dir='ltr'>spretis</span> <span class='ocrx_word' id='word_1_49' title='bbox 819 1187 986 1267; x_wconf 91' lang='lat' dir='ltr'>ominibus,</span> <span class='ocrx_word' id='word_1_50' title='bbox 1005 1189 1141 1254; x_wconf 91' lang='lat' dir='ltr'>necdum</span> <span class='ocrx_word' id='word_1_51' title='bbox 1159 1190 1235 1254; x_wconf 87' lang='lat' dir='ltr'>satis</span> <span class='ocrx_word' id='word_1_52' title='bbox 1249 1189 1359 1254; x_wconf 70' lang='lat' dir='ltr'>firma</span> 
     </span>
     <span class='ocr_line' id='line_1_9' title="bbox 326 1282 1358 1368; baseline -0.001 -19"><span class='ocrx_word' id='word_1_53' title='bbox 326 1285 366 1350; x_wconf 92' lang='lat' dir='ltr'>tis</span> <span class='ocrx_word' id='word_1_54' title='bbox 384 1283 604 1360; x_wconf 84' lang='lat' dir='ltr'>hibernaculis,</span> <span class='ocrx_word' id='word_1_55' title='bbox 623 1282 709 1350; x_wconf 92' lang='lat' dir='ltr'>nullo</span> <span class='ocrx_word' id='word_1_56' title='bbox 722 1283 767 1348; x_wconf 90' lang='lat' dir='ltr'>rei</span> <span class='ocrx_word' id='word_1_57' title='bbox 781 1282 1001 1348; x_wconf 81' lang='lat' dir='ltr'>frumentariae</span> <span class='ocrx_word' id='word_1_58' title='bbox 1014 1282 1152 1367; x_wconf 90' lang='lat' dir='ltr'>provisu,</span> <span class='ocrx_word' id='word_1_59' title='bbox 1170 1283 1251 1368; x_wconf 88' lang='lat' dir='ltr'>rapit</span> <span class='ocrx_word' id='word_1_60' title='bbox 1265 1305 1358 1348; x_wconf 84' lang='lat' dir='ltr'>exer·</span> 
     </span>
     <span class='ocr_line' id='line_1_10' title="bbox 326 1376 1357 1462; baseline 0 -20"><span class='ocrx_word' id='word_1_61' title='bbox 326 1379 425 1444; x_wconf 88' lang='lat' dir='ltr'>citum</span> <span class='ocrx_word' id='word_1_62' title='bbox 452 1387 537 1444; x_wconf 90' lang='lat' dir='ltr'>trans</span> <span class='ocrx_word' id='word_1_63' title='bbox 563 1387 703 1444; x_wconf 91' lang='lat' dir='ltr'>montem</span> <span class='ocrx_word' id='word_1_64' title='bbox 729 1377 876 1442; x_wconf 80' lang='lat' dir='ltr'>Taurum‘</span> <span class='ocrx_word' id='word_1_65' title='bbox 900 1376 1125 1462; x_wconf 86' lang='lat' dir='ltr'>reciperandis,</span> <span class='ocrx_word' id='word_1_66' title='bbox 1151 1387 1192 1442; x_wconf 91' lang='lat' dir='ltr'>.ut</span> <span class='ocrx_word' id='word_1_67' title='bbox 1222 1377 1357 1454; x_wconf 86' lang='lat' dir='ltr'>ferebat,</span> 
     </span>
     <span class='ocr_line' id='line_1_11' title="bbox 326 1467 1359 1558; baseline -0.001 -21"><span class='ocrx_word' id='word_1_68' title='bbox 326 1471 558 1558; x_wconf 76' lang='lat' dir='ltr'>Tigranocertis</span> <span class='ocrx_word' id='word_1_69' title='bbox 576 1470 800 1554; x_wconf 76' lang='lat' dir='ltr'>vastandisque</span> <span class='ocrx_word' id='word_1_70' title='bbox 821 1469 1002 1556; x_wconf 83' lang='lat' dir='ltr'>regionibus</span> <span class='ocrx_word' id='word_1_71' title='bbox 1020 1492 1099 1554; x_wconf 89' lang='lat' dir='ltr'>quas</span> <span class='ocrx_word' id='word_1_72' title='bbox 1119 1467 1258 1536; x_wconf 87' lang='lat' dir='ltr'>Corbulo</span> <span class='ocrx_word' id='word_1_73' title='bbox 1276 1471 1359 1536; x_wconf 82' lang='lat' dir='ltr'>inte-</span> 
     </span>
     <span class='ocr_line' id='line_1_12' title="bbox 325 1563 1358 1652; baseline 0 -22"><span class='ocrx_word' id='word_1_74' title='bbox 325 1589 398 1652; x_wconf 89' lang='lat' dir='ltr'>gras</span> <span class='ocrx_word' id='word_1_75' title='bbox 417 1563 585 1630; x_wconf 87' lang='lat' dir='ltr'>omisisset.</span> <span class='ocrx_word' id='word_1_76' title='bbox 618 1575 650 1629; x_wconf 91' lang='lat' dir='ltr'>et</span> <span class='ocrx_word' id='word_1_77' title='bbox 666 1573 759 1649; x_wconf 88' lang='lat' dir='ltr'>capta</span> <span class='ocrx_word' id='word_1_78' title='bbox 780 1565 937 1648; x_wconf 89' lang='lat' dir='ltr'>quaedam</span> <span class='ocrx_word' id='word_1_79' title='bbox 954 1565 1096 1642; x_wconf 88' lang='lat' dir='ltr'>castella,</span> <span class='ocrx_word' id='word_1_80' title='bbox 1123 1565 1306 1652; x_wconf 85' lang='lat' dir='ltr'>gloriaeque</span> <span class='ocrx_word' id='word_1_81' title='bbox 1324 1575 1358 1632; x_wconf 91' lang='lat' dir='ltr'>et</span> 
     </span>
     <span class='ocr_line' id='line_1_13' title="bbox 323 1656 1357 1746; baseline 0 -22"><span class='ocrx_word' id='word_1_82' title='bbox 323 1658 459 1746; x_wconf 86' lang='lat' dir='ltr'>praedae</span> <span class='ocrx_word' id='word_1_83' title='bbox 480 1657 622 1725; x_wconf 89' lang='lat' dir='ltr'>nonnihil</span> <span class='ocrx_word' id='word_1_84' title='bbox 643 1667 783 1744; x_wconf 84' lang='lat' dir='ltr'>partum,</span> <span class='ocrx_word' id='word_1_85' title='bbox 811 1656 838 1724; x_wconf 94' lang='lat' dir='ltr'>si</span> <span class='ocrx_word' id='word_1_86' title='bbox 860 1667 915 1724; x_wconf 88' lang='lat' dir='ltr'>aut</span> <span class='ocrx_word' id='word_1_87' title='bbox 936 1658 1068 1744; x_wconf 85' lang='lat' dir='ltr'>gloriam</span> <span class='ocrx_word' id='word_1_88' title='bbox 1091 1681 1164 1724; x_wconf 90' lang='lat' dir='ltr'>cum</span> <span class='ocrx_word' id='word_1_89' title='bbox 1187 1659 1281 1724; x_wconf 91' lang='lat' dir='ltr'>modo</span> <span class='ocrx_word' id='word_1_90' title='bbox 1299 1670 1357 1724; x_wconf 90' lang='lat' dir='ltr'>aut</span> 
     </span>
     <span class='ocr_line' id='line_1_14' title="bbox 323 1751 1356 1838; baseline 0.002 -22"><span class='ocrx_word' id='word_1_91' title='bbox 323 1753 474 1838; x_wconf 86' lang='lat' dir='ltr'>praedam</span> <span class='ocrx_word' id='word_1_92' title='bbox 496 1773 568 1816; x_wconf 88' lang='lat' dir='ltr'>cum</span> <span class='ocrx_word' id='word_1_93' title='bbox 590 1773 666 1818; x_wconf 86' lang='lat' dir='ltr'>cura</span> <span class='ocrx_word' id='word_1_94' title='bbox 691 1751 867 1820; x_wconf 88' lang='lat' dir='ltr'>habuisset:</span> <span class='ocrx_word' id='word_1_95' title='bbox 893 1751 1074 1838; x_wconf 87' lang='lat' dir='ltr'>longinquis</span> <span class='ocrx_word' id='word_1_96' title='bbox 1096 1752 1260 1818; x_wconf 88' lang='lat' dir='ltr'>itineribus</span> <span class='ocrx_word' id='word_1_97' title='bbox 1283 1774 1356 1838; x_wconf 89' lang='lat' dir='ltr'>per-</span> 
     </span>
     <span class='ocr_line' id='line_1_15' title="bbox 325 1843 1357 1930; baseline 0.002 -20"><span class='ocrx_word' id='word_1_98' title='bbox 325 1845 480 1910; x_wconf 89' lang='lat' dir='ltr'>cursando</span> <span class='ocrx_word' id='word_1_99' title='bbox 493 1866 574 1929; x_wconf 88' lang='lat' dir='ltr'>quae</span> <span class='ocrx_word' id='word_1_100' title='bbox 588 1845 721 1911; x_wconf 89' lang='lat' dir='ltr'>obtineri</span> <span class='ocrx_word' id='word_1_101' title='bbox 734 1843 915 1930; x_wconf 86' lang='lat' dir='ltr'>nequibant,</span> <span class='ocrx_word' id='word_1_102' title='bbox 935 1855 1080 1930; x_wconf 90' lang='lat' dir='ltr'>corrupto</span> <span class='ocrx_word' id='word_1_103' title='bbox 1095 1847 1150 1930; x_wconf 91' lang='lat' dir='ltr'>qui</span> <span class='ocrx_word' id='word_1_104' title='bbox 1162 1855 1273 1930; x_wconf 90' lang='lat' dir='ltr'>captus</span> <span class='ocrx_word' id='word_1_105' title='bbox 1288 1858 1357 1912; x_wconf 89' lang='lat' dir='ltr'>erat</span> 
     </span>
     <span class='ocr_line' id='line_1_16' title="bbox 324 1937 1356 2016; baseline 0 -10"><span class='ocrx_word' id='word_1_106' title='bbox 324 1950 502 2006; x_wconf 84' lang='lat' dir='ltr'>commeatu</span> <span class='ocrx_word' id='word_1_107' title='bbox 519 1947 550 2004; x_wconf 90' lang='lat' dir='ltr'>et</span> <span class='ocrx_word' id='word_1_108' title='bbox 566 1937 702 2005; x_wconf 86' lang='lat' dir='ltr'>instante</span> <span class='ocrx_word' id='word_1_109' title='bbox 719 1938 783 2004; x_wconf 91' lang='lat' dir='ltr'>iam</span> <span class='ocrx_word' id='word_1_110' title='bbox 800 1939 917 2016; x_wconf 90' lang='lat' dir='ltr'>hieme,</span> <span class='ocrx_word' id='word_1_111' title='bbox 943 1938 1068 2005; x_wconf 82' lang='lat' dir='ltr'>reduxit</span> <span class='ocrx_word' id='word_1_112' title='bbox 1089 1940 1262 2006; x_wconf 84' lang='lat' dir='ltr'>exercitum</span> <span class='ocrx_word' id='word_1_113' title='bbox 1280 1962 1356 2006; x_wconf 88' lang='lat' dir='ltr'>con-</span> 
     </span>
     <span class='ocr_line' id='line_1_17' title="bbox 324 2031 1357 2119; baseline 0.002 -21"><span class='ocrx_word' id='word_1_114' title='bbox 324 2033 491 2119; x_wconf 85' lang='lat' dir='ltr'>posuitque</span> <span class='ocrx_word' id='word_1_115' title='bbox 508 2033 550 2100; x_wconf 90' lang='lat' dir='ltr'>ad</span> <span class='ocrx_word' id='word_1_116' title='bbox 568 2031 739 2100; x_wconf 87' lang='lat' dir='ltr'>Caesarem</span> <span class='ocrx_word' id='word_1_117' title='bbox 755 2031 874 2099; x_wconf 88' lang='lat' dir='ltr'>litteras</span> <span class='ocrx_word' id='word_1_118' title='bbox 892 2031 984 2115; x_wconf 88' lang='lat' dir='ltr'>quasi</span> <span class='ocrx_word' id='word_1_119' title='bbox 1001 2031 1145 2098; x_wconf 86' lang='lat' dir='ltr'>confecto</span> <span class='ocrx_word' id='word_1_120' title='bbox 1162 2032 1259 2110; x_wconf 90' lang='lat' dir='ltr'>bello,</span> <span class='ocrx_word' id='word_1_121' title='bbox 1283 2056 1357 2100; x_wconf 81' lang='lat' dir='ltr'>rer-</span> 
     </span>
    </p>

    <p class='ocr_par' dir='ltr' id='par_1_8' title="bbox 171 2126 847 2214">
     <span class='ocr_line' id='line_1_18' title="bbox 171 2126 847 2214; baseline -0.001 -22"><span class='ocrx_word' id='word_1_122' title='bbox 171 2189 182 2200; x_wconf 87' lang='grc'><em>,</em></span> <span class='ocrx_word' id='word_1_123' title='bbox 324 2126 374 2192; x_wconf 92' lang='lat' dir='ltr'>bis</span> <span class='ocrx_word' id='word_1_124' title='bbox 392 2126 581 2214; x_wconf 85' lang='lat' dir='ltr'>magnificis,</span> <span class='ocrx_word' id='word_1_125' title='bbox 599 2149 704 2194; x_wconf 90' lang='lat' dir='ltr'>rerum</span> <span class='ocrx_word' id='word_1_126' title='bbox 721 2148 847 2194; x_wconf 86' lang='lat' dir='ltr'>vacuas.</span> 
     </span>
    </p>

    <p class='ocr_par' dir='ltr' id='par_1_9' title="bbox 292 2219 1357 3247">
     <span class='ocr_line' id='line_1_19' title="bbox 292 2219 1356 2309; baseline -0.004 -17"><span class='ocrx_word' id='word_1_127' title='bbox 292 2245 306 2292; x_wconf 85' lang='lat' dir='ltr'>s</span> <span class='ocrx_word' id='word_1_128' title='bbox 388 2221 519 2288; x_wconf 85' lang='lat' dir='ltr'>Interim</span> <span class='ocrx_word' id='word_1_129' title='bbox 529 2220 668 2288; x_wconf 84' lang='lat' dir='ltr'>Corbulo</span> <span class='ocrx_word' id='word_1_130' title='bbox 686 2243 859 2306; x_wconf 85' lang='lat' dir='ltr'>numquam</span> <span class='ocrx_word' id='word_1_131' title='bbox 876 2220 1052 2308; x_wconf 89' lang='lat' dir='ltr'>neglectam</span> <span class='ocrx_word' id='word_1_132' title='bbox 1065 2219 1238 2306; x_wconf 84' lang='lat' dir='ltr'>Euphratis</span> <span class='ocrx_word' id='word_1_133' title='bbox 1250 2221 1356 2309; x_wconf 86' lang='lat' dir='ltr'>ripam</span> 
     </span>
     <span class='ocr_line' id='line_1_20' title="bbox 325 2314 1357 2402; baseline 0 -22"><span class='ocrx_word' id='word_1_134' title='bbox 325 2314 533 2381; x_wconf 87' lang='lat' dir='ltr'>crebrioribus</span> <span class='ocrx_word' id='word_1_135' title='bbox 550 2315 714 2400; x_wconf 87' lang='lat' dir='ltr'>praesidiis</span> <span class='ocrx_word' id='word_1_136' title='bbox 731 2314 856 2394; x_wconf 88' lang='lat' dir='ltr'>insedit,</span> <span class='ocrx_word' id='word_1_137' title='bbox 874 2324 907 2382; x_wconf 90' lang='lat' dir='ltr'>et</span> <span class='ocrx_word' id='word_1_138' title='bbox 922 2337 963 2380; x_wconf 89' lang='lat' dir='ltr'>ne</span> <span class='ocrx_word' id='word_1_139' title='bbox 979 2315 1067 2401; x_wconf 91' lang='lat' dir='ltr'>ponti</span> <span class='ocrx_word' id='word_1_140' title='bbox 1084 2315 1240 2382; x_wconf 90' lang='lat' dir='ltr'>iniciendo</span> <span class='ocrx_word' id='word_1_141' title='bbox 1253 2316 1357 2402; x_wconf 89' lang='lat' dir='ltr'>impe-</span> 
     </span>
     <span class='ocr_line' id='line_1_21' title="bbox 324 2408 1356 2476; baseline 0.001 -2"><span class='ocrx_word' id='word_1_142' title='bbox 324 2409 498 2474; x_wconf 90' lang='lat' dir='ltr'>dimentum</span> <span class='ocrx_word' id='word_1_143' title='bbox 515 2408 645 2474; x_wconf 88' lang='lat' dir='ltr'>hostiles</span> <span class='ocrx_word' id='word_1_144' title='bbox 663 2419 783 2476; x_wconf 88' lang='lat' dir='ltr'>turmae</span> <span class='ocrx_word' id='word_1_145' title='bbox 801 2409 948 2474; x_wconf 85' lang='lat' dir='ltr'>afferrent</span> <span class='ocrx_word' id='word_1_146' title='bbox 964 2447 1006 2457; x_wconf 94' lang='lat'>—</span> <span class='ocrx_word' id='word_1_147' title='bbox 1024 2409 1095 2474; x_wconf 89' lang='lat' dir='ltr'>iam·</span> <span class='ocrx_word' id='word_1_148' title='bbox 1105 2411 1190 2475; x_wconf 90' lang='lat' dir='ltr'>enim</span> <span class='ocrx_word' id='word_1_149' title='bbox 1203 2409 1356 2476; x_wconf 90' lang='lat' dir='ltr'>subiectis</span> 
     </span>
     <span class='ocr_line' id='line_1_22' title="bbox 325 2501 1356 2591; baseline 0.003 -25"><span class='ocrx_word' id='word_1_150' title='bbox 325 2501 444 2586; x_wconf 89' lang='lat' dir='ltr'>campis</span> <span class='ocrx_word' id='word_1_151' title='bbox 471 2525 588 2588; x_wconf 88' lang='lat' dir='ltr'>magna</span> <span class='ocrx_word' id='word_1_152' title='bbox 614 2502 719 2588; x_wconf 90' lang='lat' dir='ltr'>specie</span> <span class='ocrx_word' id='word_1_153' title='bbox 745 2502 920 2569; x_wconf 89' lang='lat' dir='ltr'>volitabant</span> <span class='ocrx_word' id='word_1_154' title='bbox 945 2541 987 2551; x_wconf 95' lang='lat'>—</span> <span class='ocrx_word' id='word_1_155' title='bbox 1012 2525 1110 2568; x_wconf 89' lang='lat' dir='ltr'>naves</span> <span class='ocrx_word' id='word_1_156' title='bbox 1137 2503 1356 2591; x_wconf 88' lang='lat' dir='ltr'>magnitudine</span> 
     </span>
     <span class='ocr_line' id='line_1_23' title="bbox 323 2596 1357 2684; baseline 0.007 -27"><span class='ocrx_word' id='word_1_157' title='bbox 323 2603 518 2681; x_wconf 87' lang='lat' dir='ltr'>praestantes</span> <span class='ocrx_word' id='word_1_158' title='bbox 541 2604 572 2660; x_wconf 90' lang='lat' dir='ltr'>et</span> <span class='ocrx_word' id='word_1_159' title='bbox 594 2617 752 2661; x_wconf 83' lang='lat' dir='ltr'>connexas</span> <span class='ocrx_word' id='word_1_160' title='bbox 774 2596 916 2662; x_wconf 85' lang='lat' dir='ltr'>trabibus</span> <span class='ocrx_word' id='word_1_161' title='bbox 940 2618 978 2662; x_wconf 89' lang='lat' dir='ltr'>ac</span> <span class='ocrx_word' id='word_1_162' title='bbox 999 2597 1136 2662; x_wconf 89' lang='lat' dir='ltr'>turribus</span> <span class='ocrx_word' id='word_1_163' title='bbox 1159 2607 1267 2663; x_wconf 87' lang='lat' dir='ltr'>auctas</span> <span class='ocrx_word' id='word_1_164' title='bbox 1286 2599 1357 2684; x_wconf 86' lang='lat' dir='ltr'>agit</span> 
     </span>
     <span class='ocr_line' id='line_1_24' title="bbox 324 2688 1354 2775; baseline 0.004 -23"><span class='ocrx_word' id='word_1_165' title='bbox 324 2709 527 2773; x_wconf 85' lang='lat' dir='ltr'>peromnem</span> <span class='ocrx_word' id='word_1_166' title='bbox 549 2688 776 2774; x_wconf 87' lang='lat' dir='ltr'>catapultisque</span> <span class='ocrx_word' id='word_1_167' title='bbox 800 2698 832 2756; x_wconf 89' lang='lat' dir='ltr'>et</span> <span class='ocrx_word' id='word_1_168' title='bbox 857 2689 980 2756; x_wconf 88' lang='lat' dir='ltr'>balistis</span> <span class='ocrx_word' id='word_1_169' title='bbox 1005 2690 1170 2775; x_wconf 87' lang='lat' dir='ltr'>proturbat</span> <span class='ocrx_word' id='word_1_170' title='bbox 1191 2691 1354 2769; x_wconf 89' lang='lat' dir='ltr'>barbaros,</span> 
     </span>
     <span class='ocr_line' id='line_1_25' title="bbox 324 2781 1356 2871; baseline 0.005 -25"><span class='ocrx_word' id='word_1_171' title='bbox 324 2781 357 2846; x_wconf 91' lang='lat' dir='ltr'>in</span> <span class='ocrx_word' id='word_1_172' title='bbox 374 2803 453 2864; x_wconf 92' lang='lat' dir='ltr'>quos</span> <span class='ocrx_word' id='word_1_173' title='bbox 472 2804 549 2848; x_wconf 86' lang='lat' dir='ltr'>saxa</span> <span class='ocrx_word' id='word_1_174' title='bbox 566 2791 597 2848; x_wconf 93' lang='lat' dir='ltr'>et</span> <span class='ocrx_word' id='word_1_175' title='bbox 613 2782 723 2848; x_wconf 89' lang='lat' dir='ltr'>hastae</span> <span class='ocrx_word' id='word_1_176' title='bbox 740 2783 866 2871; x_wconf 89' lang='lat' dir='ltr'>longius</span> <span class='ocrx_word' id='word_1_177' title='bbox 883 2783 1096 2871; x_wconf 89' lang='lat' dir='ltr'>permeabant,</span> <span class='ocrx_word' id='word_1_178' title='bbox 1116 2807 1212 2870; x_wconf 88' lang='lat' dir='ltr'>quam</span> <span class='ocrx_word' id='word_1_179' title='bbox 1225 2795 1260 2850; x_wconf 90' lang='lat' dir='ltr'>ut</span> <span class='ocrx_word' id='word_1_180' title='bbox 1278 2807 1356 2851; x_wconf 89' lang='lat' dir='ltr'>con-</span> 
     </span>
     <span class='ocr_line' id='line_1_26' title="bbox 324 2876 1356 2965; baseline 0.006 -25"><span class='ocrx_word' id='word_1_181' title='bbox 324 2876 418 2941; x_wconf 88' lang='lat' dir='ltr'>trario</span> <span class='ocrx_word' id='word_1_182' title='bbox 436 2876 620 2963; x_wconf 87' lang='lat' dir='ltr'>sagittarum</span> <span class='ocrx_word' id='word_1_183' title='bbox 636 2877 721 2944; x_wconf 87' lang='lat' dir='ltr'>iactu</span> <span class='ocrx_word' id='word_1_184' title='bbox 734 2879 991 2964; x_wconf 85' lang='lat' dir='ltr'>adaequarentur.</span> <span class='ocrx_word' id='word_1_185' title='bbox 1010 2877 1084 2944; x_wconf 90' lang='lat' dir='ltr'>dein</span> <span class='ocrx_word' id='word_1_186' title='bbox 1095 2900 1177 2965; x_wconf 90' lang='lat' dir='ltr'>pons</span> <span class='ocrx_word' id='word_1_187' title='bbox 1191 2880 1356 2946; x_wconf 88' lang='lat' dir='ltr'>continua-</span> 
     </span>
     <span class='ocr_line' id='line_1_27' title="bbox 324 2971 1355 3061; baseline 0 -23"><span class='ocrx_word' id='word_1_188' title='bbox 324 2982 375 3038; x_wconf 90' lang='lat' dir='ltr'>tus</span> <span class='ocrx_word' id='word_1_189' title='bbox 394 2971 552 3058; x_wconf 82' lang='lat' dir='ltr'>collesque</span> <span class='ocrx_word' id='word_1_190' title='bbox 574 2973 698 3039; x_wconf 88' lang='lat' dir='ltr'>adversi</span> <span class='ocrx_word' id='word_1_191' title='bbox 720 2996 777 3060; x_wconf 90' lang='lat' dir='ltr'>per</span> <span class='ocrx_word' id='word_1_192' title='bbox 794 2974 895 3040; x_wconf 88' lang='lat' dir='ltr'>socias</span> <span class='ocrx_word' id='word_1_193' title='bbox 914 2973 1071 3051; x_wconf 81' lang='lat' dir='ltr'>cohortes,</span> <span class='ocrx_word' id='word_1_194' title='bbox 1103 2984 1176 3059; x_wconf 93' lang='lat' dir='ltr'>post</span> <span class='ocrx_word' id='word_1_195' title='bbox 1191 2974 1355 3061; x_wconf 89' lang='lat' dir='ltr'>legionum</span> 
     </span>
     <span class='ocr_line' id='line_1_28' title="bbox 324 3067 1355 3154; baseline 0 -22"><span class='ocrx_word' id='word_1_196' title='bbox 324 3067 435 3133; x_wconf 88' lang='lat' dir='ltr'>castris</span> <span class='ocrx_word' id='word_1_197' title='bbox 453 3077 658 3154; x_wconf 90' lang='lat' dir='ltr'>occupantur,</span> <span class='ocrx_word' id='word_1_198' title='bbox 678 3077 765 3134; x_wconf 86' lang='lat' dir='ltr'>tanta</span> <span class='ocrx_word' id='word_1_199' title='bbox 782 3067 939 3133; x_wconf 85' lang='lat' dir='ltr'>celeritate</span> <span class='ocrx_word' id='word_1_200' title='bbox 957 3077 989 3132; x_wconf 91' lang='lat' dir='ltr'>et</span> <span class='ocrx_word' id='word_1_201' title='bbox 1010 3067 1217 3133; x_wconf 88' lang='lat' dir='ltr'>ostentatione</span> <span class='ocrx_word' id='word_1_202' title='bbox 1238 3067 1355 3132; x_wconf 87' lang='lat' dir='ltr'>virium</span> 
     </span>
     <span class='ocr_line' id='line_1_29' title="bbox 324 3151 1353 3247; baseline 0 -21"><span class='ocrx_word' id='word_1_203' title='bbox 324 3171 360 3226; x_wconf 93' lang='lat' dir='ltr'>ut</span> <span class='ocrx_word' id='word_1_204' title='bbox 376 3158 487 3226; x_wconf 91' lang='lat' dir='ltr'>Parthi</span> <span class='ocrx_word' id='word_1_205' title='bbox 504 3151 622 3226; x_wconf 88' lang='lat' dir='ltr'>omis&#39;so</span> <span class='ocrx_word' id='word_1_206' title='bbox 638 3171 751 3247; x_wconf 89' lang='lat' dir='ltr'>paratu</span> <span class='ocrx_word' id='word_1_207' title='bbox 767 3161 964 3226; x_wconf 86' lang='lat' dir='ltr'>invadendae</span> <span class='ocrx_word' id='word_1_208' title='bbox 984 3158 1096 3246; x_wconf 81' lang='lat' dir='ltr'>Syriae</span> <span class='ocrx_word' id='word_1_209' title='bbox 1119 3183 1208 3246; x_wconf 89' lang='lat' dir='ltr'>spem</span> <span class='ocrx_word' id='word_1_210' title='bbox 1225 3183 1353 3226; x_wconf 90' lang='lat' dir='ltr'>omnem</span> 
     </span>
    </p>

    <p class='ocr_par' dir='ltr' id='par_1_10' title="bbox 277 3253 1356 4280">
     <span class='ocr_line' id='line_1_30' title="bbox 277 3253 1353 3334; baseline -0.001 -13"><span class='ocrx_word' id='word_1_211' title='bbox 277 3273 308 3322; x_wconf 84' lang='grc' dir='ltr'>ιο</span> <span class='ocrx_word' id='word_1_212' title='bbox 325 3253 551 3320; x_wconf 89' lang='lat' dir='ltr'>inArmeniam</span> <span class='ocrx_word' id='word_1_213' title='bbox 568 3265 737 3333; x_wconf 83' lang='lat' dir='ltr'>verterent3</span> <span class='ocrx_word' id='word_1_214' title='bbox 755 3255 811 3321; x_wconf 91' lang='lat' dir='ltr'>ubi</span> <span class='ocrx_word' id='word_1_215' title='bbox 827 3254 947 3320; x_wconf 90' lang='lat' dir='ltr'>Paetus</span> <span class='ocrx_word' id='word_1_216' title='bbox 965 3254 1195 3320; x_wconf 89' lang='lat' dir='ltr'>imminentium</span> <span class='ocrx_word' id='word_1_217' title='bbox 1211 3255 1353 3334; x_wconf 91' lang='lat' dir='ltr'>nescius,</span> 
     </span>
     <span class='ocr_line' id='line_1_31' title="bbox 324 3347 1356 3434; baseline 0.004 -24"><span class='ocrx_word' id='word_1_218' title='bbox 324 3348 466 3430; x_wconf 90' lang='lat' dir='ltr'>quintam</span> <span class='ocrx_word' id='word_1_219' title='bbox 482 3347 638 3433; x_wconf 89' lang='lat' dir='ltr'>legionem</span> <span class='ocrx_word' id='word_1_220' title='bbox 655 3349 766 3434; x_wconf 91' lang='lat' dir='ltr'>procul</span> <span class='ocrx_word' id='word_1_221' title='bbox 782 3349 816 3413; x_wconf 90' lang='lat' dir='ltr'>in</span> <span class='ocrx_word' id='word_1_222' title='bbox 832 3348 937 3415; x_wconf 91' lang='lat' dir='ltr'>Ponto</span> <span class='ocrx_word' id='word_1_223' title='bbox 954 3347 1104 3426; x_wconf 91' lang='lat' dir='ltr'>habebat,</span> <span class='ocrx_word' id='word_1_224' title='bbox 1126 3348 1262 3433; x_wconf 87' lang='lat' dir='ltr'>reliquas</span> <span class='ocrx_word' id='word_1_225' title='bbox 1280 3371 1356 3434; x_wconf 91' lang='lat' dir='ltr'>pro-</span> 
     </span>
     <span class='ocr_line' id='line_1_32' title="bbox 323 3441 1355 3520; baseline 0.003 -14"><span class='ocrx_word' id='word_1_226' title='bbox 323 3441 430 3506; x_wconf 86' lang='lat' dir='ltr'>miscis</span> <span class='ocrx_word' id='word_1_227' title='bbox 444 3441 578 3506; x_wconf 90' lang='lat' dir='ltr'>militum</span> <span class='ocrx_word' id='word_1_228' title='bbox 591 3442 817 3508; x_wconf 85' lang='lat' dir='ltr'>commeatibus</span> <span class='ocrx_word' id='word_1_229' title='bbox 830 3443 1050 3520; x_wconf 83' lang='lat' dir='ltr'>infirmaverat,</span> <span class='ocrx_word' id='word_1_230' title='bbox 1070 3442 1169 3508; x_wconf 93' lang='lat' dir='ltr'>donec</span> <span class='ocrx_word' id='word_1_231' title='bbox 1183 3444 1355 3509; x_wconf 86' lang='lat' dir='ltr'>adventare</span> 
     </span>
     <span class='ocr_line' id='line_1_33' title="bbox 324 3529 1355 3624; baseline 0.003 -25"><span class='ocrx_word' id='word_1_232' title='bbox 324 3532 506 3620; x_wconf 88' lang='lat' dir='ltr'>Vologesen</span> <span class='ocrx_word' id='word_1_233' title='bbox 518 3529 633 3620; x_wconf 86' lang='lat' dir='ltr'>magno</span> <span class='ocrx_word' id='word_1_234' title='bbox 646 3545 678 3600; x_wconf 91' lang='lat' dir='ltr'>et</span> <span class='ocrx_word' id='word_1_235' title='bbox 690 3535 815 3600; x_wconf 88' lang='lat' dir='ltr'>infenso</span> <span class='ocrx_word' id='word_1_236' title='bbox 829 3537 954 3623; x_wconf 87' lang='lat' dir='ltr'>agmine</span> <span class='ocrx_word' id='word_1_237' title='bbox 968 3537 1119 3602; x_wconf 88' lang='lat' dir='ltr'>auditum.</span> <span class='ocrx_word' id='word_1_238' title='bbox 1138 3536 1256 3603; x_wconf 88' lang='lat' dir='ltr'>accitur</span> <span class='ocrx_word' id='word_1_239' title='bbox 1267 3536 1355 3624; x_wconf 88' lang='lat' dir='ltr'>legio</span> 
     </span>
     <span class='ocr_line' id='line_1_34' title="bbox 323 3627 1354 3716; baseline 0.002 -24"><span class='ocrx_word' id='word_1_240' title='bbox 323 3627 522 3705; x_wconf 89' lang='lat' dir='ltr'>duodecima,</span> <span class='ocrx_word' id='word_1_241' title='bbox 549 3637 581 3692; x_wconf 88' lang='lat' dir='ltr'>et</span> <span class='ocrx_word' id='word_1_242' title='bbox 605 3628 689 3694; x_wconf 91' lang='lat' dir='ltr'>unde</span> <span class='ocrx_word' id='word_1_243' title='bbox 719 3628 838 3695; x_wconf 89' lang='lat' dir='ltr'>famam</span> <span class='ocrx_word' id='word_1_244' title='bbox 864 3631 949 3696; x_wconf 88' lang='lat' dir='ltr'>aucti</span> <span class='ocrx_word' id='word_1_245' title='bbox 980 3631 1134 3698; x_wconf 87' lang='lat' dir='ltr'>exercitus</span> <span class='ocrx_word' id='word_1_246' title='bbox 1161 3645 1354 3716; x_wconf 87' lang='lat' dir='ltr'>speraverat,</span> 
     </span>
     <span class='ocr_line' id='line_1_35' title="bbox 323 3716 1356 3809; baseline -0.002 -19"><span class='ocrx_word' id='word_1_247' title='bbox 323 3722 446 3809; x_wconf 88' lang='lat' dir='ltr'>prodita</span> <span class='ocrx_word' id='word_1_248' title='bbox 454 3720 669 3807; x_wconf 85' lang='lat' dir='ltr'>infrequentia,</span> <span class='ocrx_word' id='word_1_249' title='bbox 688 3744 752 3808; x_wconf 88' lang='lat' dir='ltr'>qua</span> <span class='ocrx_word' id='word_1_250' title='bbox 765 3716 871 3790; x_wconf 88' lang='lat' dir='ltr'>tamen</span> <span class='ocrx_word' id='word_1_251' title='bbox 880 3724 1006 3790; x_wconf 88' lang='lat' dir='ltr'>retineri</span> <span class='ocrx_word' id='word_1_252' title='bbox 1019 3734 1122 3790; x_wconf 86' lang='lat' dir='ltr'>castra</span> <span class='ocrx_word' id='word_1_253' title='bbox 1135 3734 1167 3790; x_wconf 90' lang='lat' dir='ltr'>et</span> <span class='ocrx_word' id='word_1_254' title='bbox 1179 3725 1264 3790; x_wconf 89' lang='lat' dir='ltr'>eludi</span> <span class='ocrx_word' id='word_1_255' title='bbox 1272 3723 1356 3788; x_wconf 88' lang='lat' dir='ltr'>Par-</span> 
     </span>
     <span class='ocr_line' id='line_1_36' title="bbox 324 3816 1356 3904; baseline 0 -20"><span class='ocrx_word' id='word_1_256' title='bbox 324 3818 398 3884; x_wconf 91' lang='lat' dir='ltr'>thus</span> <span class='ocrx_word' id='word_1_257' title='bbox 416 3827 517 3883; x_wconf 90' lang='lat' dir='ltr'>tractu</span> <span class='ocrx_word' id='word_1_258' title='bbox 533 3816 607 3883; x_wconf 91' lang='lat' dir='ltr'>belli</span> <span class='ocrx_word' id='word_1_259' title='bbox 623 3828 759 3904; x_wconf 87' lang='lat' dir='ltr'>poterat,</span> <span class='ocrx_word' id='word_1_260' title='bbox 780 3819 807 3884; x_wconf 89' lang='lat' dir='ltr'>si</span> <span class='ocrx_word' id='word_1_261' title='bbox 824 3818 924 3884; x_wconf 88' lang='lat' dir='ltr'>Paeto</span> <span class='ocrx_word' id='word_1_262' title='bbox 943 3828 997 3884; x_wconf 88' lang='lat' dir='ltr'>aut</span> <span class='ocrx_word' id='word_1_263' title='bbox 1019 3819 1052 3883; x_wconf 92' lang='lat' dir='ltr'>in</span> <span class='ocrx_word' id='word_1_264' title='bbox 1070 3819 1136 3885; x_wconf 92' lang='lat' dir='ltr'>suis</span> <span class='ocrx_word' id='word_1_265' title='bbox 1154 3828 1209 3884; x_wconf 90' lang='lat' dir='ltr'>aut</span> <span class='ocrx_word' id='word_1_266' title='bbox 1225 3819 1259 3882; x_wconf 90' lang='lat' dir='ltr'>in</span> <span class='ocrx_word' id='word_1_267' title='bbox 1276 3818 1356 3884; x_wconf 88' lang='lat' dir='ltr'>alic-</span> 
     </span>
     <span class='ocr_line' id='line_1_37' title="bbox 324 3911 1355 3980; baseline 0.001 -3"><span class='ocrx_word' id='word_1_268' title='bbox 324 3914 374 3978; x_wconf 92' lang='lat' dir='ltr'>nis</span> <span class='ocrx_word' id='word_1_269' title='bbox 392 3911 529 3978; x_wconf 89' lang='lat' dir='ltr'>consiliis</span> <span class='ocrx_word' id='word_1_270' title='bbox 551 3914 726 3979; x_wconf 89' lang='lat' dir='ltr'>constantia</span> <span class='ocrx_word' id='word_1_271' title='bbox 747 3912 875 3978; x_wconf 85' lang='lat' dir='ltr'>fuisset:</span> <span class='ocrx_word' id='word_1_272' title='bbox 898 3935 1008 3980; x_wconf 91' lang='lat' dir='ltr'>verum</span> <span class='ocrx_word' id='word_1_273' title='bbox 1031 3914 1086 3980; x_wconf 90' lang='lat' dir='ltr'>ubi</span> <span class='ocrx_word' id='word_1_274' title='bbox 1108 3912 1219 3980; x_wconf 83' lang='lat' dir='ltr'>aviris</span> <span class='ocrx_word' id='word_1_275' title='bbox 1237 3912 1355 3978; x_wconf 86' lang='lat' dir='ltr'>milita-</span> 
     </span>
     <span class='ocr_line' id='line_1_38' title="bbox 323 4005 1356 4094; baseline -0.001 -24"><span class='ocrx_word' id='word_1_276' title='bbox 323 4007 411 4074; x_wconf 89' lang='lat' dir='ltr'>ribus</span> <span class='ocrx_word' id='word_1_277' title='bbox 425 4006 575 4074; x_wconf 88' lang='lat' dir='ltr'>adversus</span> <span class='ocrx_word' id='word_1_278' title='bbox 589 4018 736 4094; x_wconf 88' lang='lat' dir='ltr'>urgentes</span> <span class='ocrx_word' id='word_1_279' title='bbox 750 4029 842 4073; x_wconf 89' lang='lat' dir='ltr'>casus</span> <span class='ocrx_word' id='word_1_280' title='bbox 851 4007 991 4072; x_wconf 84' lang='lat' dir='ltr'>firmatus</span> <span class='ocrx_word' id='word_1_281' title='bbox 1005 4017 1081 4086; x_wconf 79' lang='lat' dir='ltr'>erat,</span> <span class='ocrx_word' id='word_1_282' title='bbox 1094 4029 1213 4084; x_wconf 78' lang='lat' dir='ltr'>narsus,</span> <span class='ocrx_word' id='word_1_283' title='bbox 1228 4028 1267 4070; x_wconf 91' lang='lat' dir='ltr'>ne</span> <span class='ocrx_word' id='word_1_284' title='bbox 1276 4005 1356 4070; x_wconf 89' lang='lat' dir='ltr'>alie-</span> 
     </span>
     <span class='ocr_line' id='line_1_39' title="bbox 324 4099 1354 4188; baseline 0.002 -24"><span class='ocrx_word' id='word_1_285' title='bbox 324 4122 384 4164; x_wconf 89' lang='lat' dir='ltr'>nae</span> <span class='ocrx_word' id='word_1_286' title='bbox 402 4100 572 4166; x_wconf 86' lang='lat' dir='ltr'>sententiae</span> <span class='ocrx_word' id='word_1_287' title='bbox 589 4100 733 4188; x_wconf 88' lang='lat' dir='ltr'>indigens</span> <span class='ocrx_word' id='word_1_288' title='bbox 751 4102 922 4180; x_wconf 87' lang='lat' dir='ltr'>videretur,</span> <span class='ocrx_word' id='word_1_289' title='bbox 949 4100 983 4166; x_wconf 91' lang='lat' dir='ltr'>in</span> <span class='ocrx_word' id='word_1_290' title='bbox 999 4103 1126 4168; x_wconf 89' lang='lat' dir='ltr'>diversa</span> <span class='ocrx_word' id='word_1_291' title='bbox 1142 4123 1180 4166; x_wconf 87' lang='lat' dir='ltr'>ac</span> <span class='ocrx_word' id='word_1_292' title='bbox 1197 4099 1354 4166; x_wconf 88' lang='lat' dir='ltr'>deteriora</span> 
     </span>
     <span class='ocr_line' id='line_1_40' title="bbox 325 4192 1354 4280; baseline 0.001 -24"><span class='ocrx_word' id='word_1_293' title='bbox 325 4193 486 4260; x_wconf 88' lang='lat' dir='ltr'>transibat.</span> <span class='ocrx_word' id='word_1_294' title='bbox 509 4203 540 4260; x_wconf 93' lang='lat' dir='ltr'>et</span> <span class='ocrx_word' id='word_1_295' title='bbox 557 4203 631 4260; x_wconf 90' lang='lat' dir='ltr'>tunc</span> <span class='ocrx_word' id='word_1_296' title='bbox 647 4195 762 4262; x_wconf 89' lang='lat' dir='ltr'>relictis</span> <span class='ocrx_word' id='word_1_297' title='bbox 780 4195 927 4275; x_wconf 89' lang='lat' dir='ltr'>hibernis,</span> <span class='ocrx_word' id='word_1_298' title='bbox 946 4219 1010 4262; x_wconf 87' lang='lat' dir='ltr'>non</span> <span class='ocrx_word' id='word_1_299' title='bbox 1028 4195 1147 4264; x_wconf 83' lang='lat' dir='ltr'>fossam</span> <span class='ocrx_word' id='word_1_300' title='bbox 1164 4215 1266 4280; x_wconf 91' lang='lat' dir='ltr'>neque</span> <span class='ocrx_word' id='word_1_301' title='bbox 1284 4192 1354 4258; x_wconf 86' lang='lat' dir='ltr'>val·</span> 
     </span>
    </p>
   </div>
   <div class='ocr_carea' id='block_1_4' title="bbox 0 0 1514 4958">
    <p class='ocr_par' dir='ltr' id='par_1_11' title="bbox 0 0 1514 4958">
     <span class='ocr_line' id='line_1_41' title="bbox 0 0 1514 4958; baseline 0 1"><span class='ocrx_word' id='word_1_302' title='bbox 0 0 1514 4958; x_wconf 95' lang='lat' dir='ltr'> </span> 
     </span>
    </p>
   </div>
  </div>
 </body>
</html>
