3020 4958
305 443 370 508 324
655 449 981 506 communem
1456 511 1469 526 „

1222 549 1244 578 1.
1254 550 1276 578 u.
1287 541 1335 578 ato.
1374 567 1384 582 .

303 635 378 676 nam
387 611 438 675 bic
446 610 605 693 quondam
618 607 796 692 praefectus
804 608 951 692 praetorii
959 617 990 671 et
999 607 1219 672 consularibus
1233 608 1338 692 insig-

305 705 398 770 nibus
412 705 547 770 donatns
560 725 597 767 ac
610 724 711 788 nuper
722 701 851 766 erimine
863 702 1086 766 coniurationis
1103 703 1136 765 in
1151 699 1338 766 Sardiniam

305 814 436 863 exactus
444 814 573 882 accepto
586 795 809 874 iussaemortis
817 796 927 859 nuntio
936 805 1037 860 semet
1044 795 1216 872 interfecit3
1233 794 1336 870 Mela,

305 893 421 976 qraibua
430 891 536 958 Gallio
544 908 575 955 et
585 889 708 956 Seneca
715 890 1008 976 parentibusnatus,
1018 892 1168 976 petitione
1176 891 1335 954 bonorum

306 987 498 1052 abstinuerat
511 1008 568 1071 per
580 984 783 1050 ambitionem
794 995 1040 1070 praeposteram,
1059 995 1094 1048 ut
1107 1006 1205 1068 eques
1214 984 1337 1048 Roma-

306 1105 367 1146 nus
384 1080 601 1146 consularibus
617 1080 758 1164 potentia
777 1089 976 1162 aequaretnr3
1003 1079 1099 1143 simul
1119 1079 1337 1162 adquirendae

306 1177 459 1262 pectam
476 1175 603 1240 brerius
620 1175 680 1238 iter
696 1173 843 1238 credebat
858 1195 917 1258 per
932 1174 1181 1258 procurationes,
1199 1173 1338 1236 admini-

306 1271 443 1336 strandis
451 1270 601 1356 principis
609 1269 754 1354 negotiis.
772 1268 1205 1332 idemAnnaeumLucanum
1213 1290 1339 1353 genue-

306 1375 368 1441 rat,
390 1365 509 1450 grande
531 1364 745 1427 adiumentum
763 1362 971 1438 claritudinis3
992 1384 1057 1445 quo
1074 1360 1239 1425 interfecto
1256 1360 1337 1424 dum

306 1482 373 1522 rem
391 1459 577 1523 familiarem
595 1459 663 1522 eius
680 1459 792 1522 aeriter
808 1456 946 1540 requirit,
964 1465 1179 1520 accusatorem
1197 1455 1337 1519 concirit

306 1553 442 1616 Fabium
460 1553 649 1628 Romanum,
667 1575 708 1616 ex
725 1551 843 1616 intimis
854 1551 982 1615 Lucani
998 1551 1122 1614 amicis:
1139 1549 1241 1612 mixta
1253 1549 1337 1613 inter

305 1657 425 1731 patrem
443 1647 604 1728 liliumque
621 1645 843 1710 coniurationia
861 1645 993 1708 scientia
1008 1644 1151 1730 lingitur,
1173 1643 1336 1707 adsimila-

306 1741 347 1804 tis
362 1740 488 1804 Lucani
504 1739 630 1814 litteris;
651 1760 732 1821 quaa
748 1739 906 1822 inspectae
923 1738 1009 1802 Nero
1026 1738 1101 1802 ferri
1117 1739 1158 1802 ad
1176 1760 1250 1802 eum
1267 1738 1336 1802 ius-

306 1836 357 1910 sit,
374 1834 488 1919 opibus
505 1834 574 1898 eius
591 1835 725 1898 inhians.
748 1843 782 1898 at
797 1833 896 1910 Mela,
913 1855 996 1917 quae
1013 1843 1081 1897 tum
1098 1832 1337 1918 promptissima

306 1930 415 1994 mortis
432 1929 493 2005 tia,
511 1929 646 1993 exsolvit
663 1951 774 2004 renas,
795 1928 921 2013 scriptis
938 1928 1090 1992 codicillis
1106 1926 1221 2010 quibus
1238 1949 1336 2012 gran·

306 2025 379 2089 dem
397 2025 564 2109 pecuniam
585 2025 619 2088 in
635 2024 829 2110 Tigellinum
848 2044 1063 2109 generumque
1080 2021 1149 2086 eiua
1168 2019 1336 2085 Cossutia-

306 2141 384 2182 num
402 2119 590 2204 Capitonem
606 2118 766 2204 erogabat,
783 2139 847 2201 quo
864 2127 968 2181 cetera
983 2124 1155 2180 manerent.
1173 2112 1333 2199 addit[ur]

306 2213 473 2290 codicillis,
495 2223 656 2296 tamquam
673 2212 714 2276 de
735 2212 898 2295 iniquitate
915 2211 1003 2276 exitii
1019 2231 1154 2292 querens
1172 2209 1217 2272 ita
1234 2208 1336 2292 scrip-

307 2307 411 2384 sisset,
430 2308 602 2390 sequidem
610 2306 1070 2391 morinullissuppliciieausis,
1087 2303 1335 2368 Rufiumautem

308 2400 491 2485 Crispinum
505 2413 536 2465 et
546 2401 695 2465 Anicium
706 2399 863 2466 Cerialem
875 2400 941 2464 vita
953 2399 1017 2462 frui
1028 2398 1171 2462 infensos
1183 2395 1333 2481 principi:

306 2517 388 2577 qnae
406 2498 581 2580 composita
597 2497 805 2562 credebantur
820 2498 861 2561 de
879 2497 1036 2582 (bispino,
1058 2495 1134 2579 quia
1149 2494 1334 2558 interfectus

306 2599 382 2664 erat,
400 2591 441 2652 de
460 2590 594 2665 Ceriale,
612 2603 648 2653 ut
664 2592 897 2656 interficeretur.
920 2613 1023 2674 neque
1041 2591 1124 2655 enim
1141 2589 1240 2654 multo
1258 2599 1334 2673 post

304 2682 370 2744 rim
383 2680 445 2745 sibi
458 2682 572 2758 attulit,
590 2683 710 2746 minore
727 2705 824 2767 quam
836 2686 934 2748 ceteri
945 2685 1154 2760 miseratione,
1172 2682 1246 2766 quia
1258 2705 1335 2768 pro·

304 2777 402 2840 ditam
421 2775 460 2841 O.
480 2777 611 2842 Caesari
627 2778 874 2844 coniurationem
890 2779 930 2844 ab
948 2803 988 2845 eo
1004 2779 1219 2844 meminerant.

257 2887 287 2934 ts
367 2870 421 2935 De
430 2872 579 2938 Petronio
595 2895 698 2958 pauca
710 2895 806 2958 supra
817 2874 988 2960 repetenda
1008 2883 1095 2938 snat:
1112 2895 1186 2936 nam
1204 2871 1249 2934 illi
1262 2870 1333 2934 dies

304 2988 362 3051 per
374 2989 530 3044 somnum,
548 2990 612 3032 nox
628 2967 743 3032 officiis
751 2977 783 3032 et
795 2967 1032 3034 oblectamentis
1040 2967 1125 3031 ritae
1138 2963 1334 3050 transigeba-

305 3071 365 3137 tur,
384 3071 480 3145 utque
489 3062 568 3127 alios
576 3062 738 3138 industria,
756 3063 800 3125 ita
809 3061 893 3126 hunc
901 3062 1030 3148 ignavia
1037 3061 1080 3124 ad
1093 3060 1211 3124 famam
1223 3069 1335 3143 protn-

305 3155 398 3232 lerat‚
416 3156 654 3239 habebaturque
671 3178 736 3221 non
751 3177 855 3242 ganeo
871 3165 903 3220 et
919 3155 1115 3241 profligator,
1137 3163 1173 3217 nt
1189 3152 1333 3238 plerique

306 3273 366 3314 sua
381 3250 602 3328 hamientinm,
620 3251 678 3315 sed
694 3250 817 3315 erudito
832 3251 919 3315 luxu
941 3273 980 3315 ac
996 3251 1082 3315 dicta
1098 3250 1244 3332 factaque
1261 3248 1333 3312 eius

304 3353 423 3424 quanto
436 3344 586 3410 solutiora
598 3355 630 3409 et
638 3345 796 3428 quandam
804 3346 855 3409 sui
868 3344 1099 3430 neglegentiam
1111 3341 1332 3428 praeferentia,

304 3445 391 3498 tanto
408 3438 528 3520 gratius
550 3439 583 3501 in
604 3439 743 3522 speciem
760 3438 968 3523 simplicitatis
986 3436 1233 3523 accipiebantur3
1258 3457 1334 3520 pro-

304 3529 415 3592 consul
435 3538 542 3593 tamen
562 3530 731 3614 Bithyniae
752 3541 784 3594 et
808 3554 885 3594 mox
909 3532 1020 3596 consul
1045 3532 1205 3618 vigentem
1231 3551 1267 3594 sc
1292 3551 1332 3593 ac

303 3645 412 3710 parem
428 3623 562 3709 negotiis
579 3623 730 3701 ostendit3
747 3624 821 3688 dein
836 3625 998 3691 revolutus
1011 3626 1053 3690 ad
1064 3626 1150 3701 titia,
1168 3645 1227 3689 seu
1238 3623 1332 3687 ritio-

303 3743 374 3785 rnm
390 3719 562 3786 imitatione
578 3721 659 3785 inter
673 3741 791 3806 pancos
804 3719 1005 3786 familiarium
1012 3721 1130 3786 Neroni
1142 3721 1330 3804 adsumptus

304 3825 363 3892 est,
381 3817 555 3902 elegantiae
563 3815 687 3892 arbiter,
705 3816 782 3880 dum
794 3815 1047 3880 nihilamoennm
1056 3827 1088 3881 et
1096 3815 1190 3881 molle
1198 3814 1332 3878 affluen-

304 3911 455 3996 tiaputat,
472 3911 534 3975 nisi
542 3911 628 3994 quod
636 3912 666 3975 ei
674 3911 840 3976 Petronius
849 3910 1086 3996 adprobavisset
1090 3934 1101 3987 ;
1117 3908 1331 3973 undeimidia

304 4004 455 4090 Tigellini
470 4008 563 4090 quasi
585 4007 737 4071 adversus
759 4007 918 4074 aemulum
935 4017 967 4070 et
984 4006 1116 4070 scientia
1132 4005 1330 4090 voluptatum

302 4100 465 4180 potiorem.
488 4123 564 4186 ergo
578 4100 794 4164 crudelitatem
806 4100 965 4186 principis,
983 4100 1034 4164 cui
1048 4109 1170 4163 ceterae
1182 4097 1329 4162 libidines

303 4190 469 4267 cedebant,
500 4195 694 4278 adgreditur,
730 4195 898 4259 amicitiam
925 4193 1073 4260 Scaevini
1097 4191 1248 4256 Petronio
1272 4188 1330 4253 ob-
