3042 4956
342 421 405 490 184
689 430 873 490 CORNELII
890 433 1020 492 TAClTI

1263 536 1284 566 ι.
1294 538 1316 568 n.
1326 527 1373 570 800.

339 593 410 670 bus,
430 591 476 658 sic
494 589 555 656 fori
573 590 662 656 tabes
676 591 842 676 pecuniam
861 592 1021 660 advocatis
1039 591 1128 658 ferat.
1151 593 1373 662 meminissent

338 687 458 764 Asinii,
481 684 654 762 Messalae,
678 707 715 751 ac
732 687 953 765 recentiorum,
975 685 1119 752 Arruntii
1136 697 1168 752 ct
1185 686 1370 754 Aesernini:

339 782 380 848 ad
398 803 521 846 summa
537 787 701 866 provectos
719 778 899 866 incorrupta
915 781 980 846 vita
997 791 1029 846 et
1045 781 1203 847 facundia.
1231 782 1308 848 talia
1324 784 1372 848 di·-

339 884 430 944 cente
451 874 579 940 consule
601 874 779 962 designato,
806 875 1071 940 consentientibus
1094 876 1177 954 aliis,
1200 876 1372 962 parabatur

340 969 494 1035 sententia
510 991 573 1053 qua
589 967 660 1055 lege
676 968 920 1053 repetundarum
938 978 1124 1047 tenerentur,
1144 993 1216 1035 curn
1235 968 1369 1038 Suillius

340 1075 372 1130 et
390 1063 598 1130 Cossutianus
616 1072 648 1128 et
665 1064 768 1140 ceteri,
787 1063 922 1148 quinon
939 1065 1099 1140 iudicium,
1118 1064 1233 1150 quippe
1251 1065 1285 1130 in
1301 1089 1371 1130 ma-

338 1157 485 1236 nifestos,
508 1157 565 1223 sed
581 1179 716 1244 poenam
734 1158 830 1230 statui
846 1158 1011 1236 videbant,
1034 1159 1268 1224 circumsistunt
1286 1158 1369 1225 Cac-

245 1273 253 1294 s
306 1275 320 1322 v
340 1275 456 1328 sarem,
474 1261 546 1317 ante
563 1262 634 1317 acta
651 1251 853 1336 deprecantes
859 1277 868 1331 3
892 1261 923 1317 et
939 1262 1108 1338 postquam
1126 1253 1248 1330 annuit,
1273 1275 1369 1339 agere

336 1346 503 1432 incipiunt:
526 1367 620 1430 quem
638 1345 726 1410 illum
744 1354 830 1410 tanta
848 1346 994 1431 superbia
1011 1367 1081 1411 esse
1099 1356 1135 1410 ut
1152 1347 1368 1414 aeternitatem

337 1440 441 1516 samaa
459 1461 515 1525 spe
538 1439 737 1522 praesumat?
759 1439 832 1504 usui
849 1449 881 1504 et
896 1440 990 1505 rebus
1009 1440 1184 1505 subsidium
1205 1438 1369 1528 [prae]pa-

336 1534 411 1610 rari,
434 1555 474 1596 ne
492 1533 563 1614 quis
580 1532 686 1618 inopia
703 1532 926 1598 advocatorum
944 1533 1122 1620 potentibus
1141 1535 1296 1599 obnoxius
1315 1536 1366 1600 sit.

336 1647 437 1710 noque
452 1635 557 1690 tamen
570 1625 778 1710 eloquentiam
792 1628 929 1713 gratuito
943 1629 1136 1714 contingere:
1155 1629 1257 1693 omitti
1274 1651 1367 1694 curas

336 1719 515 1797 familiares,
534 1729 569 1784 ut
586 1721 657 1803 quis
676 1742 711 1786 se
728 1721 838 1786 alienis
851 1723 986 1810 negotiis
1001 1723 1150 1788 intendat.
1174 1723 1289 1788 multos
1307 1725 1368 1788 rni-

335 1812 415 1892 litia,
443 1814 595 1898 quosdam
622 1816 797 1888 exercendo
815 1840 915 1903 ,agros
942 1818 1073 1884 tolerare
1099 1818 1212 1896 vitam;
1242 1818 1321 1882 nihil
1348 1842 1369 1884 a

336 1929 495 1993 quoquam
513 1909 630 1994 expeti,
653 1910 714 1974 nisi
731 1911 820 1975 cuius
838 1912 959 1978 fructus
977 1921 1048 1980 ante
1066 1913 1245 1998 providerit
1273 1912 1367 1978 facile

336 2004 486 2070 Asinium
504 2013 535 2068 et
546 2003 720 2070 Messalam
738 2004 818 2070 iuter
829 2004 1004 2071 Antonium
1022 2017 1053 2071 et
1066 2005 1250 2092 Augustum
1267 2006 1368 2072 bello·

336 2121 406 2163 rum
415 2099 562 2186 praemiis
570 2099 711 2176 refertos,
727 2109 780 2164 aut
790 2099 900 2164 ditium
909 2100 1097 2164 familiarum
1106 2100 1238 2166 heredes
1247 2099 1368 2165 Aeser-

336 2193 427 2258 ninas
451 2203 482 2260 et
503 2191 672 2258 Arruntios
698 2216 847 2280 magnum
874 2193 1012 2260 animum
1038 2194 1188 2260 induisse.
1219 2203 1367 2279 prompta

337 2287 397 2352 sibi
415 2286 566 2371 exempla,
586 2287 711 2368 quantis
729 2287 925 2352 mercedibus
939 2287 976 2352 P.
994 2287 1125 2353 Clodius
1143 2298 1197 2353 aut
1212 2287 1250 2353 C.
1266 2286 1366 2354 Curio

336 2380 508 2446 contionari
530 2379 612 2444 soliti
631 2380 707 2444 sint:
731 2402 765 2446 se
787 2381 927 2448 modicos
951 2391 1110 2447 senatores
1129 2385 1182 2468 qui
1202 2383 1309 2466 quieta
1330 2405 1365 2446 ra

334 2471 461 2557 publica
486 2472 572 2537 nulla
596 2473 658 2537 nisi
682 2473 770 2558 pacis
796 2475 1006 2540 emolumenta
1030 2485 1180 2562 peterent.
1212 2477 1366 2563 cogitaret

333 2564 473 2650 plebem,
496 2586 576 2648 quae
595 2575 670 2651 toga
687 2567 885 2634 enitesceret:
910 2569 1041 2636 sublatis
1064 2571 1237 2636 studiorum
1254 2570 1364 2654 pretiis

335 2658 429 2723 ctiam
455 2659 559 2723 studia
584 2659 732 2743 peritura.
763 2671 798 2726 ut
823 2663 928 2728 minus
954 2665 1068 2729 decora
1093 2664 1185 2740 haec,
1212 2664 1256 2728 ita
1278 2664 1363 2728 haud

334 2753 458 2819 frustra
471 2753 555 2820 dicta
576 2753 721 2840 princeps
747 2765 848 2834 ratus,
875 2758 1035 2844 capiendis
1057 2759 1197 2843 pecuniis
1225 2756 1362 2844 [posuit]

334 2848 463 2913 modurn
479 2869 580 2933 usquo
598 2849 640 2914 ad
657 2849 737 2915 dena
755 2851 906 2930 sestertia,
925 2873 1020 2936 quern
1038 2853 1157 2940 egressi
1174 2852 1364 2940 repetunda-

333 2965 404 3010 rum
421 2953 607 3009 tenerentur.

300 3058 316 3109 a
401 3036 469 3105 Sub
487 3037 572 3104 idem
590 3047 712 3126 tempus
731 3038 945 3119 Mithridates,
968 3063 1062 3126 quem
1084 3041 1281 3128 imperitasse
1300 3040 1363 3106 Ar-

333 3133 460 3212 meniis,
485 3131 583 3220 [iussu
604 3131 652 3220 C.]
678 3133 824 3201 Caesaris
846 3135 985 3200 vinctum
1007 3135 1191 3213 memoravi,
1214 3145 1362 3202 monente

334 3227 470 3293 Claudio
491 3228 524 3292 in
545 3251 678 3314 regnum
700 3231 864 3307 remeavit,
891 3230 967 3294 fisus
989 3229 1212 3296 Pharasmanis
1235 3229 1361 3316 opibus.

331 3321 359 3384 is
376 3343 433 3385 rex
451 3319 595 3397 Hiberis,
614 3322 760 3406 idemque
777 3323 970 3390 Mithridatis
987 3325 1096 3402 frater,
1115 3322 1279 3389 nuntiabat
1297 3324 1375 3404 dis,

332 3412 460 3476 cordare
477 3411 613 3477 Parthos
637 3437 821 3498 summaque
839 3418 961 3503 imperii
983 3418 1132 3504 ambigua
1154 3418 1275 3484 minora
1293 3419 1361 3484 sine

331 3525 406 3568 cura
431 3503 539 3568 haberi
567 3504 669 3591 [nam]
700 3508 781 3573 inter
812 3509 959 3578 Gotarzis
990 3513 1138 3598 pleraque
1165 3535 1274 3590 saeva,
1306 3514 1361 3596 qui

330 3619 440 3664 necem
463 3596 551 3662 fratri
567 3596 730 3666 Artabano
753 3603 940 3690 coniugique
963 3629 999 3672 ac
1023 3607 1086 3672 filio
1109 3608 1177 3672 eius
1197 3604 1360 3692 [prae]pa-

330 3702 466 3772 raverat;
492 3692 576 3762 unde
598 3704 700 3762 metus
725 3693 821 3784 [eius]
844 3698 878 3762 in
900 3709 1035 3780 ceteros3
1062 3710 1093 3767 et
1115 3701 1255 3766 accivere
1278 3699 1360 3766 Var-
1381 3742 1395 3766 .

328 3789 446 3867 danen:
473 3789 539 3868 ille,
566 3799 688 3855 uteret
709 3793 832 3879 magnis
859 3795 945 3862 ausis
970 3805 1148 3882 promptus,
1176 3795 1274 3860 biduo
1300 3797 1360 3860 tria

330 3884 416 3950 milia
441 3884 612 3952 stadiorum
632 3887 777 3973 pervadit
798 3888 1004 3975 ignarumque
1030 3899 1062 3955 et
1088 3891 1268 3956 exterritum
1292 3887 1359 3956 Go-

330 3988 438 4046 tarzen
459 3982 635 4067 proturbat3
663 4005 764 4068 neque
791 3994 954 4052 cunctatur
979 3985 1055 4069 quin
1081 3985 1240 4071 proximas
1267 4006 1358 4070 prae-

286 4083 296 4096 *
329 4071 467 4140 tecturas
484 4076 642 4162 conipiat,
666 4079 742 4144 solis
762 4077 1004 4146 Seleucensibus
1027 4079 1270 4146 dominationem
1288 4079 1356 4144 eius

330 4163 552 4248 abnuentibus,
571 4171 603 4238 iu
621 4193 711 4254 quos,
730 4183 765 4238 ut
781 4177 877 4260 patris
896 4176 945 4242 sui
962 4197 1087 4260 quoque
1106 4174 1291 4251 defectores,
1310 4173 1357 4238 ira
