3020 4958
328 413 392 480 2l8
682 417 867 476 CORNELII
877 416 1008 473 TAOITI

1247 519 1268 548 a.
1278 520 1300 549 n.
1310 509 1358 550 815.

327 593 416 648 tuam
431 575 681 666 magnitudinem
697 575 793 653 iacet,
816 575 875 640 sed
891 575 969 640 mibi
989 573 1156 652 incumbit,
1179 575 1260 640 mihi
1283 578 1359 642 sub-

327 674 519 740 veniendum
539 681 597 736 est
624 670 782 755 quomodo
803 669 838 733 in
859 668 969 733 militis
986 678 1040 733 aut
1056 669 1110 733 via
1129 668 1237 734 fessus
1256 671 1359 735 admi-

327 768 468 834 niculum
485 788 620 842 orarem,
642 765 687 828 ita
702 763 736 828 in
752 764 813 830 hoc
834 763 943 828 itinere
964 763 1046 827 vitae
1069 785 1166 828 senex
1183 773 1216 828 et
1231 764 1358 829 levissi-

328 863 389 927 mis
414 883 541 946 quoque
562 859 647 924 curis
669 858 774 944 inpar,
797 879 869 923 cum
892 879 968 942 opes
985 859 1077 922 'meas
1100 858 1182 922 ultra
1199 858 1357 922 sustinere

327 979 392 1021 non
407 955 543 1042 possim,
565 951 757 1040 praesidium
773 961 861 1037 peto:
883 950 957 1016 iube
974 960 1190 1038 procuratores
1208 961 1281 1016 tuos
1299 952 1358 1015 ad-

327 1050 500 1114 ministrare
517 1048 550 1112 in
566 1057 654 1112 trram
670 1046 828 1112 fortunam
844 1057 979 1131 recepto.
1001 1067 1060 1110 neo
1073 1067 1124 1109 me
1140 1045 1175 1108 in
1186 1055 1358 1130 pauperta-

327 1155 392 1209 tem
408 1144 478 1230 ipse
495 1142 669 1222 detrudam
688 1141 745 1208 sed
761 1140 882 1206 truditis
895 1162 1030 1225 quorum
1046 1139 1170 1226 fulgore
1186 1139 1358 1224 praestrin-

327 1261 394 1325 gcr,
413 1238 499 1322 quod
512 1237 661 1322 temporis
673 1235 835 1301 hortorum
852 1244 908 1300 sut
919 1233 1063 1300 villarum
1076 1256 1169 1299 curae
1183 1233 1356 1318 seponitur,

327 1332 361 1396 in
378 1332 518 1396 animum
534 1329 699 1396 revocabo.
723 1338 866 1414 superest
883 1327 940 1393 tibi
952 1327 1055 1406 robur,
1075 1336 1107 1392 et
1123 1336 1169 1393 tot
1184 1349 1242 1413 per
1254 1349 1357 1392 annos

327 1425 432 1490 visum
449 1425 570 1511 fastigii
586 1425 743 1511 regimen:
760 1445 931 1511 possumus
951 1423 1088 1489 seniores
1106 1423 1198 1487 amici
1217 1421 1357 1506 quietem

326 1540 495 1603 reposcere.
532 1518 593 1583 hoc
618 1540 744 1602 quoque
770 1518 805 1582 in
830 1527 917 1582 tunm
941 1517 1075 1604 gloriam
1101 1517 1203 1594 cedet,
1231 1537 1288 1581 eos
1315 1516 1358 1580 ad

328 1633 452 1676 summa
467 1611 593 1676 vexisse
610 1613 665 1696 qui
683 1622 715 1676 et
731 1613 856 1678 modica
872 1612 1066 1677 tolerarent“

277 1725 309 1772 co
389 1705 445 1770 Ad
462 1726 543 1794 quae
559 1705 644 1770 Nero
663 1706 709 1771 sic
726 1707 825 1772 ferme
842 1707 1017 1792 respondit:
1060 1738 1065 1750 ·

393 1798 509 1881 „Quod
522 1800 695 1864 meditatae.
705 1800 837 1866 orationi
850 1811 923 1878 tuce
937 1801 1043 1866 statim
1055 1822 1227 1878 occurram,
1244 1799 1278 1864 id
1292 1799 1359 1886 pri-

328 1915 415 1956 mum
433 1893 479 1957 tui
496 1893 634 1957 muneris
653 1893 763 1972 habeo,
783 1895 837 1978 qui
850 1916 901 1959 me
918 1917 982 1960 non
998 1902 1118 1959 tantum
1135 1893 1280 1979 praevisa
1298 1894 1358 1958 sed

329 1987 433 2052 subita
454 1988 601 2073 expedire
624 1989 767 2054 docuisti.
794 1990 916 2054 abavus
937 2009 1028 2054 meus
1048 1986 1217 2075 Augustus
1234 1986 1357 2074 Agrip-

328 2104 389 2167 pas
407 2091 438 2146 et
454 2080 633 2146 Maeeenmi
654 2103 806 2168 usurpare
828 2083 928 2147 otium
948 2092 1022 2168 post
1041 2081 1165 2146 labores
1187 2079 1356 2158 concessit,

330 2175 388 2238 sed
408 2175 442 2238 in
463 2197 501 2240 ea
517 2175 584 2261 ipse
605 2185 720 2254 aetate,
744 2175 833 2241 cuius
856 2175 1024 2242 auctoritas
1046 2184 1184 2240 tueretur
1200 2173 1358 2258 quidquid

327 2267 407 2332 illud
428 2278 460 2333 et
476 2269 705 2352 qualecumque
727 2269 902 2348 tribuisset3
924 2290 963 2334 ac
984 2279 1089 2334 tamen
1109 2278 1254 2334 neutrum
1271 2267 1357 2332 datis

329 2383 348 2424 a
370 2384 405 2426 se
426 2361 573 2445 praemiis
596 2364 696 2427 exuit:
719 2362 802 2428 bello
824 2371 855 2428 et
875 2363 1024 2449 periculis
1046 2371 1235 2440 meruerant3
1257 2362 1292 2426 in
1314 2361 1357 2425 iis

329 2454 413 2518 enim
434 2454 562 2519 iuventa
582 2454 725 2542 Augusti
746 2465 870 2523 versata
891 2465 948 2521 est.
975 2453 1040 2521 neo
1056 2456 1134 2520 mihi
1156 2455 1217 2521 tela
1238 2465 1269 2520 et
1287 2478 1357 2520 ma-

327 2568 388 2609 nus
410 2556 482 2610 tuae
504 2547 680 2612 defuissent
700 2550 733 2612 in
754 2549 850 2614 armis
872 2550 993 2636 agentis
1020 2551 1077 2618 sed
1098 2550 1182 2634 quod
1202 2571 1357 2636 praesens

328 2638 469 2704 condicio
485 2639 650 2723 poscebat,
668 2642 801 2720 ratione,
820 2643 966 2722 consilio,
984 2643 1159 2730 praeceptis
1176 2644 1356 2730 pueritiam,

328 2731 401 2795 dein
414 2733 577 2813 ‘iuventam
594 2756 697 2799 meam
714 2734 832 2801 scvisti
859 2746 891 2802 et
907 2747 962 2803 tua
978 2738 1105 2822 quidem
1123 2760 1199 2828 erga
1215 2759 1266 2802 me
1284 2761 1358 2802 mu-

328 2848 412 2904 nera,
431 2827 508 2892 dum
524 2827 590 2893 vita
607 2832 761 2916 suppetet,
779 2840 906 2896 aeterna
918 2842 1023 2908 erunt:
1041 2853 1122 2916 quae
1139 2855 1159 2898 a
1175 2853 1226 2896 me
1242 2830 1355 2923 babes,

329 2920 411 2986 horti
433 2931 465 2987 et
485 2922 598 2988 foenus
621 2933 653 2989 et
674 2925 781 3003 villae,
808 2924 935 2990 casibus
957 2925 1093 2990 obnoxie
1111 2933 1197 3003 sunt;
1223 2947 1260 2990 ac
1281 2925 1358 2990 licet

329 3016 429 3081 multa
440 3016 613 3097 videantm,
631 3019 772 3104 plerique
788 3019 1032 3104 haudquaquam
1045 3018 1163 3084 artibus
1181 3019 1243 3084 tuis
1261 3041 1358 3104 pares

328 3111 421 3196 plura
436 3120 616 3191 tenuerunt,
639 3113 702 3177 nisi
723 3113 803 3180 forte
825 3123 879 3178 aut
899 3123 930 3178 te
947 3111 1076 3178 Vitellio
1093 3121 1140 3177 ter
1161 3113 1283 3178 consuli
1301 3122 1358 3178 sut

330 3227 381 3268 me
400 3204 535 3272 Claudio
556 3207 719 3292 postponis
725 3231 733 3285 ;
757 3217 788 3272 et
808 3216 960 3292 quantum
983 3205 1117 3273 Volusio
1138 3206 1233 3292 longa
1254 3207 1359 3291 parsi-

329 3299 436 3362 monia
452 3300 616 3382 quaesivit,
627 3311 756 3366 tantum
772 3300 855 3366 inte
873 3323 944 3366 mea
960 3300 1130 3366 liberalitas
1148 3300 1274 3386 explere
1291 3322 1359 3365 non

328 3399 441 3474 potest
471 3394 570 3474 pudet
589 3394 706 3458 referre
731 3393 908 3473 libertinos,
934 3394 989 3479 qui
1010 3395 1137 3460 ditiores
1160 3402 1356 3480 spectantum

328 3481 412 3544 unde
430 3482 524 3547 etiam
541 3483 648 3548 rubori
665 3486 743 3549 mihi
760 3497 808 3550 est
825 3490 910 3570 quod
926 3488 1114 3576 praecipuus
1132 3487 1259 3552 caritate
1276 3509 1358 3552 non-

279 3597 311 3646 ss
329 3575 405 3641 dum
423 3597 533 3641 omnes
551 3577 864 3646 fortuna'antecellis.
892 3604 1002 3648 verum
1019 3592 1051 3646 et
1067 3581 1125 3646 tibi
1145 3581 1251 3646 valida
1267 3591 1356 3646 setas

328 3669 485 3755 rebusque
503 3680 534 3736 et
550 3670 667 3736 fructui
682 3694 787 3737 rerum
801 3673 973 3754 sufficiens,
990 3686 1021 3741 et
1038 3697 1097 3742 nos
1114 3675 1215 3762 prima
1231 3673 1357 3760 imperii

331 3766 431 3853 spatia
443 3765 649 3853 ingredimur:
664 3766 748 3852 quin,
764 3767 999 3855 siquainpnrte
1008 3769 1163 3834 lubricum
1173 3768 1357 3834 adolescen-

328 3863 390 3927 tiae
399 3870 523 3927 nostrae
532 3860 676 3940 declinet,
689 3869 819 3928 revocas
828 3873 1033 3948 ornatumque
1046 3862 1142 3928 robur
1150 3860 1294 3926 subsidio
1307 3861 1357 3926 in-

329 3955 458 4040 pensius
471 3956 575 4043 regis?
591 3979 654 4022 non
670 3966 726 4024 tua
743 3956 923 4034 moderatio,
943 3957 970 4021 si
986 3956 1160 4022 reddideris
1176 3954 1355 4040 pecuniam,

328 4071 387 4113 nec
403 4050 504 4134 quies,
524 4051 552 4115 si
567 4050 729 4136 reliqueris
747 4050 929 4138 principem,
948 4051 1005 4116 sed
1022 4073 1093 4116 mea
1107 4049 1246 4126 avaritie,
1264 4069 1355 4112 meae

329 4142 519 4208 crudelitatis
529 4155 630 4211 metus
639 4146 734 4212 inore
743 4145 1071 4214 omniumversabitur.
1086 4145 1172 4230 quod
1181 4144 1208 4208 si
1217 4141 1356 4208 maxime
