2958 4960
400 489 611 548 ANNALIUM
629 489 740 543 LIB.I.
760 489 878 544 72-75.
1107 479 1151 544 39

119 595 138 631 p.
147 581 184 622 cs.
195 585 227 622 rt.

118 650 204 715 nibus
230 650 406 715 hortorum
429 660 461 713 et
482 649 633 712 domuum
651 646 815 722 accedant3
841 648 891 710 ius
913 647 1078 712 iurandum
1095 671 1150 733 pe-

116 746 198 811 rinde
216 745 461 812 aestimandum
474 766 570 827 quam
588 743 615 807 si
632 742 742 806 Iovem
759 741 937 804 fefellisset:
955 741 1085 808 deornm
1102 746 1150 808 in-

116 840 205 905 iurias
223 841 276 904 dis
296 862 408 906 curae.

173 935 241 1000 Nec
254 935 366 1000 multo
379 943 453 1019 post
467 929 622 999 Granium
634 930 832 1007 Marcellum,
850 939 1025 1014 praetorem
1037 931 1150 1016 Bithy·
1168 957 1200 1000 u

115 1028 193 1106 niae,
216 1039 379 1112 quaestor
399 1028 500 1114 ipsius
519 1026 640 1110 Caepio
658 1024 826 1110 Crispinus
848 1024 1020 1089 maiestatis
1041 1039 1151 1110 postn-

115 1122 197 1201 lavit‚
226 1122 458 1189 subscribente
478 1123 624 1186 Romano
645 1119 804 1204 Hispone,
831 1119 886 1201 qni
906 1118 1042 1190 fornum
1066 1121 1150 1185 ritae

115 1215 176 1279 iniit
188 1238 290 1300 quarn
304 1225 423 1303 postea
435 1215 590 1281 celebrem
602 1215 747 1278 miseriae
764 1225 940 1298 temporum
956 1225 988 1278 et
1000 1214 1150 1280 sodomae

116 1309 275 1375 hominum
295 1312 459 1388 fecerunt;
477 1333 549 1375 narn
567 1332 675 1396 egens,
693 1309 831 1394 ignotus,
848 1308 985 1392 inquies,
1002 1308 1080 1373 dum
1097 1333 1150 1374 oc-

116 1403 201 1469 cultis
223 1405 349 1471 libellis
374 1406 522 1470 saevitiae
543 1403 694 1490 principis
715 1403 850 1488 adrepit,
876 1425 951 1467 mox
976 1402 1149 1470 clarissimo

117 1498 223 1581 cuique
241 1499 427 1584 periculum
444 1498 587 1576 facessit,
610 1498 781 1582 potentiam
806 1498 891 1581 apud
908 1520 1020 1575 unum,
1041 1500 1148 1566 odium

116 1592 194 1676 apud
211 1595 326 1658 omnis
345 1594 479 1678 adeptus
496 1594 583 1658 dedit
600 1592 778 1676 exemplum
796 1595 881 1675 qnod
897 1593 997 1660 secuti
1014 1617 1054 1660 ex
1070 1619 1149 1682 pan-

116 1687 237 1769 peribus
256 1689 391 1765 divites,
409 1709 450 1751 ex
462 1687 648 1772 contemptis
661 1689 821 1752 metuendi
837 1689 1006 1773 perniciem
1023 1689 1093 1756 aliis
1110 1713 1148 1754 ac

116 1779 315 1863 postremum
333 1781 394 1847 sibi
410 1781 567 1846 invenere
589 1782 647 1845 sed
663 1780 849 1846 Marcellum
866 1783 1089 1848 insimulabant
1106 1785 1148 1847 si-

118 1873 225 1940 nistros
244 1877 288 1941 de
312 1875 441 1940 Tiberio
459 1897 618 1940 sermones
639 1874 803 1953 babuisse,
824 1876 1003 1941 inevitabile
1020 1877 1147 1952 crimen,

118 1989 183 2035 curn
204 1994 245 2036 ex
272 1971 420 2036 moribus
445 1971 594 2056 principis
619 1970 805 2034 foedissima
829 1993 972 2053 quaeque
998 1971 1148 2056 deligeret

120 2075 276 2130 accusator
304 2064 536 2148 obiectaretque
557 2087 626 2142 reo;
652 2087 726 2128 nam
743 2065 818 2148 qnia
838 2087 913 2128 vera
929 2073 1032 2140 erant,
1054 2064 1147 2127 etiam

120 2155 196 2222 dicta
213 2159 439 2224 credebantur.
466 2159 587 2222 addidit
603 2159 709 2243 Hispo
732 2167 868 2222 statuam
888 2157 1033 2222 Marcelli
1054 2157 1147 2223 altius

121 2271 207 2332 quam
226 2253 410 2319 Caesarum
427 2253 534 2329 sitam,
557 2263 588 2318 et
605 2253 668 2318 alia
683 2253 717 2316 in
739 2261 843 2316 statua
863 2261 1024 2338 amputato
1045 2251 1147 2336 eapite

122 2343 254 2432 Augusti
273 2347 417 2433 effigiem
431 2345 550 2411 Tiberii
562 2346 708 2412 inditam:
727 2347 768 2411 ad
785 2347 870 2429 quod
886 2345 1003 2410 exarsit
1020 2346 1100 2410 adeo
1112 2355 1147 2409 ut

121 2450 204 2524 mpta
221 2440 437 2507 taciturnitate
453 2441 660 2526 proclamaret
681 2463 716 2506 se
733 2463 859 2524 qnoque
880 2441 914 2505 in
930 2463 969 2505 eo
989 2463 1086 2505 causa
1100 2440 1147 2505 la·

123 2541 218 2599 turum
240 2535 447 2613 sententiam,
469 2535 576 2620 palam
597 2545 629 2599 et
645 2535 795 2612 iuratum,
817 2559 882 2619 quo
903 2535 1014 2600 ceteris
1036 2535 1146 2600 eedem

122 2631 289 2695 necessitas
310 2629 408 2694 fieret.
436 2629 606 2694 manebant
627 2630 721 2694 etiam
743 2640 810 2694 tum
831 2630 965 2716 vestigia
986 2630 1145 2695 morientis

123 2717 283 2801 libertatis3
310 2723 407 2809 igitur
425 2722 485 2788 Cn.
510 2723 589 2788 Piso
617 2729 728 2807 „quo“
754 2724 855 2808 inquit
878 2725 967 2804 „loeo
991 2723 1145 2799 censebis,

124 2810 253 2882 Caesar?
277 2817 306 2881 si
326 2818 461 2902 primus,
483 2817 609 2883 habebo
626 2817 712 2900 quod
733 2841 860 2901 sequar3
883 2819 911 2882 si
931 2828 1005 2903 post
1025 2837 1145 2892 omnes,

125 2929 224 2976 vereor
239 2935 283 2976 ne
305 2912 489 2997 imprudens
506 2913 722 2977 dissentiam.“
747 2923 909 2998 permotus
926 2913 991 2989 his,
1014 2921 1146 2995 quanto-

125 3023 178 3084 que
197 3007 356 3072 incautius
380 3007 560 3084 efferverat,
582 3007 773 3092 paenitentia
792 3007 915 3092 patiens
933 3006 1004 3068 tulit
1024 3003 1146 3068 absolvi

126 3118 202 3166 reum
219 3099 405 3166 criminibus
421 3101 609 3179 maiestatis3
627 3101 667 3166 de
684 3101 825 3186 pecunfls
842 3098 1023 3183 repetundis
1041 3097 1082 3160 ad
1098 3117 1148 3159 re-

126 3191 304 3277 ciperatores
330 3196 411 3260 itum
437 3206 495 3261 est
525 3218 585 3260 nec
609 3206 735 3281 patrum
761 3191 992 3280 cognitionibus
1015 3191 1145 3256 satiatus
1165 3211 1197 3258 to

127 3283 237 3356 iudiciis
257 3289 423 3354 adsidebat
438 3291 472 3354 in
489 3313 587 3355 cornu
604 3289 779 3367 tribunalis,
796 3311 837 3353 ne
853 3297 1029 3374 praetorem
1046 3283 1146 3350 curuli

127 3379 300 3468 depelleret3
326 3385 487 3468 multaque
505 3407 543 3450 eo
566 3407 671 3449 ooram
693 3385 844 3448 adversus
866 3381 1018 3447 ambitum
1041 3391 1073 3446 et
1089 3403 1146 3467 po·

127 3477 247 3542 lentium
265 3499 375 3564 preces
393 3479 576 3544 constituta:
586 3481 642 3544 sed
650 3482 726 3546 dum
734 3478 889 3545 severitati
905 3477 1091 3554 consulitur,
1108 3475 1146 3539 li-

127 3565 219 3637 bertas
238 3572 506 3657 corrumpebatur.

179 3667 268 3731 Inter
284 3688 367 3750 quae
383 3666 462 3731 Pius
479 3665 630 3731 Aurelius
649 3675 774 3731 senator
790 3676 921 3750 questus
943 3665 1025 3731 mole
1042 3661 1145 3749 publi-

128 3777 174 3824 cae
186 3762 258 3826 viae
271 3761 432 3844 ductuque
441 3783 594 3844 aquarum
606 3761 778 3826 labefactas
792 3751 879 3825 aedis
894 3782 977 3834 suas,
993 3757 1144 3822 auxilium

126 3861 240 3933 patrum
262 3854 444 3933 invocabat;
465 3854 682 3920 resistentibus
704 3856 815 3919 aerarii
836 3851 1047 3939 praetoribus,
1071 3849 1146 3914 sub-

125 3949 201 4012 venit
215 3947 338 4014 Caesar
349 3949 546 4036 pretiumque
559 3949 684 4014 aedium
692 3947 824 4014 Aurelio
838 3946 954 4021 tribuit,
969 3943 1144 4030 erogandae

124 4058 171 4122 per
186 4043 322 4108 honesta
333 4044 486 4129 pecuniae
504 4044 642 4128 cupiens,
661 4065 757 4127 quam
774 4043 920 4107 virtutem
938 4040 993 4104 diu
1009 4038 1143 4116 retinuit,

125 4153 187 4200 curn
204 4146 327 4201 ceteras
350 4147 487 4202 exueret.
514 4136 679 4223 Propertio
698 4135 803 4200 Celeri
824 4134 993 4221 praetorio,
1020 4134 1144 4198 veniam

124 4229 232 4296 ordinis
251 4230 293 4296 ob
310 4242 525 4318 paupertatem
542 4231 676 4318 petenti,
695 4231 799 4296 decies
818 4229 995 4296 sestertium
1012 4227 1143 4314 largitus
