3042 4956
443 423 648 481 ANNALIUM
665 423 739 478 LIB.
754 425 820 479 XII.
838 425 959 482 41-44.
1150 419 1214 485 215

175 517 300 569 acuar.

176 587 347 652 devinctos
362 581 524 660 credebat3
538 581 634 668 igitur
642 581 773 674 distrahi
785 582 928 648 cohortes
942 584 1062 660 ambitu
1070 585 1213 668 duorum,

176 691 213 746 et
229 681 257 745 si
275 677 318 744 ab
336 701 402 743 uno
418 686 613 762 regerentur,
636 676 834 742 intentiorem
855 678 922 742 fore
945 679 1140 766 disciplinam
1159 685 1215 748 ad-

179 781 350 840 severante
371 793 483 847 uxore,
507 771 692 834 transfertur
712 771 853 857 regimen
875 771 1049 837 cohortium
1071 775 1113 840 ad
1133 776 1215 840 Bur·
1320 777 1323 782 ’

178 892 252 934 rum
269 866 458 943 Afranium,
481 864 626 950 egregiae
647 864 789 930 militaris
807 865 925 944 famae,
948 891 1082 953 gnarum
1100 879 1213 948 tamen,

180 964 274 1028 cuius
294 971 406 1046 sponte
419 959 646 1044 praeficeretur.
670 982 762 1024 suurn
780 981 905 1043 quoque
922 961 1084 1048 fastigium
1097 962 1216 1049 Agrip-

107 1131 112 1138 ,
181 1059 259 1143 pina
272 1055 423 1121 extollere
436 1053 543 1120 altius:
562 1063 708 1138 carpento
722 1051 914 1139 Capitolium
926 1054 1058 1141 ingredi,
1078 1057 1132 1139 qui
1145 1080 1214 1122 mos

185 1149 403 1218 sacerdotibus
427 1158 458 1212 et
476 1148 572 1212 sacris
595 1147 766 1230 antiquitus
789 1170 957 1213 concessus
984 1151 1215 1215 venerationem

182 1244 323 1331 augebat
341 1243 489 1319 feminae,
508 1264 603 1326 quam
621 1241 806 1326 imperatore
823 1243 971 1328 genitam,
992 1267 1129 1310 sororem
1147 1245 1215 1312 eius
1273 1289 1280 1300 ‚

181 1340 239 1423 qui
255 1361 361 1402 rerum
378 1337 495 1423 potitus
514 1336 555 1402 sit
576 1345 608 1400 et
625 1337 792 1422 coniugem
809 1346 842 1400 et
858 1347 991 1402 matrem
1009 1338 1122 1417 fuisse,
1145 1340 1215 1403 uni·
1296 1411 1297 1416 η

183 1457 258 1500 cum
276 1433 317 1498 ad
334 1432 420 1496 hune
440 1431 523 1495 diem
545 1431 725 1517 exemplum
742 1439 800 1498 est.
827 1431 907 1500 inter
924 1454 1005 1517 quae
1026 1433 1213 1520 praecipuus

182 1536 397 1615 propugnator
419 1525 486 1590 eius
504 1523 666 1603 Vitellius,
688 1521 883 1590 validissima
903 1528 1017 1613 gratia,
1041 1538 1142 1593 aetate
1161 1551 1215 1593 ex-

167 1634 285 1690 :trema
301 1659 343 1668 -
361 1621 440 1686 adeo
458 1620 594 1685 incertae
613 1629 686 1685 sunt
702 1621 876 1707 potentium
893 1644 944 1687 res
959 1661 1000 1670 -—
1015 1623 1214 1688 accusatione

183 1716 362 1801 corripitur,
381 1714 540 1778 deferente
557 1713 649 1779 Iunio
666 1715 762 1800 Lupo
780 1726 936 1781 senatore:
954 1715 982 1782 is
1001 1717 1130 1781 crimina
1147 1741 1214 1782 ma·

183 1809 305 1875 iestatis
332 1818 364 1872 et
389 1808 568 1892 cupidinem
594 1808 716 1893 imperii
738 1808 929 1887 obiectabat3
955 1808 1213 1895 praebuissetque

183 1927 275 1970 aures
291 1902 419 1980 Caesar,
438 1902 500 1966 nisi
512 1902 708 1989 Agrippinae
726 1904 818 1968 minis
836 1904 938 1989 magis
956 1925 1051 1987 quam
1067 1904 1213 1989 precibus

183 2009 323 2064 mutatus
342 2007 442 2072 esset,
465 2008 501 2062 ut
518 1999 692 2063 accusatori
708 2019 792 2080 aqua
813 2007 907 2081 atque
924 1997 990 2083 igni
1007 1997 1214 2061 interdiceret:

184 2095 338 2160 hactenus
356 2091 503 2158 Vitellius
522 2091 671 2157 voluerat.
711 2129 715 2136 ‹
890 2160 897 2172 ,

247 2188 353 2254 Multa
365 2209 402 2252 eo
416 2209 499 2250 anno
512 2186 655 2272 prodigia
672 2208 819 2251 evenere:
837 2185 994 2250 insessum
1008 2185 1083 2249 diris
1102 2181 1213 2248 avibus
1231 2201 1264 2250 43

186 2282 387 2367 Capitolium,
402 2280 518 2347 crebris
532 2278 775 2344 terraemotibus
785 2282 952 2364 proruptae
962 2276 1083 2354 domus,
1092 2278 1214 2342 aodum

185 2377 278 2440 latius
301 2375 462 2452 metuitur,
486 2373 692 2458 trepidatione
715 2372 802 2460 vulgi
823 2373 980 2458 invalidus
1002 2371 1136 2456 quisque
1158 2370 1215 2437 cb-

185 2471 264 2548 triti:
288 2470 416 2556 frugum
433 2491 558 2553 quoque
581 2478 705 2554 egestas
723 2478 756 2533 et
771 2480 839 2534 orta
856 2491 896 2533 ex
913 2491 950 2534 eo
973 2468 1074 2533 fames
1092 2468 1125 2531 in
1141 2489 1215 2552 pro-

185 2566 306 2651 digium
324 2563 544 2649 accipiebatur.
566 2585 625 2627 nee
642 2562 756 2627 occulti
770 2571 890 2627 tantum
908 2573 1054 2647 questus;
1072 2562 1129 2627 sed
1144 2562 1216 2625 iura

184 2660 368 2723 reddentem
377 2657 547 2722 Claudium
555 2656 781 2722 circumvasere
791 2656 978 2722 clamoribus
988 2655 1130 2733 turbidis,
1144 2655 1216 2740 pul-

186 2774 318 2836 sumque
335 2751 369 2816 in
391 2760 562 2815 extremam
584 2749 644 2824 fori
660 2762 781 2836 partem
798 2751 831 2814 vi
848 2750 1016 2836 urgebant,
1038 2750 1138 2815 donec
1155 2749 1215 2812 mi-

185 2847 275 2910 litum
292 2844 388 2935 globo
405 2844 548 2909 infensos
565 2845 713 2930 perrupit.
737 2845 915 2927 quindecim
928 2845 1049 2909 dierum
1066 2843 1215 2908 alimenta

185 2939 270 3016 urbi,
289 2961 353 3004 non
370 2939 518 3024 amplius,
538 2938 732 3023 superfuisse
750 2937 902 3013 constitit:
925 2957 1101 3021 magnaque
1120 2935 1215 2998 deum

186 3033 377 3119 benignitate
396 3043 427 3096 et
444 3031 598 3097 modestia
611 3031 723 3096 hiemis
741 3030 835 3096 rebus
850 3029 997 3092 extremis
1012 3027 1214 3092 subventum:

186 3137 219 3190 at
235 3125 361 3192 hercule
380 3126 454 3191 olim
471 3127 564 3191 Italia
580 3124 757 3211 legionibus
780 3122 966 3208 longinquas
989 3122 1022 3184 in
1039 3119 1215 3205 provincias

187 3229 379 3286 commeatus
393 3221 550 3306 portabat3
564 3243 624 3284 nec
636 3241 720 3284 nunc
732 3217 955 3282 infecunditate
969 3214 1140 3288 laboratur:
1160 3213 1218 3278 sed

187 3315 331 3380 Africam
352 3314 457 3401 potius
470 3325 512 3384 ,et
533 3313 719 3400 Aegyptum
742 3333 938 3388 exercemus,
965 3308 1163 3392 navibusque
1186 3314 1218 3371 et

189 3410 313 3474 casibus
332 3409 398 3474 vita
414 3409 522 3494 populi
539 3408 675 3473 Romani
691 3408 846 3493 permissa
863 3415 920 3470 est.

195 3573 198 3580 ,
251 3503 377 3567 Eodem
394 3525 474 3567 anno
493 3503 610 3567 bellum
627 3501 708 3568 inter
724 3500 894 3566 Armenios
906 3499 1108 3582 Hiberosque
1126 3520 1217 3564 exor-
1234 3514 1267 3560 at

189 3605 256 3661 tum
273 3597 401 3662 Parthis
423 3619 549 3681 quoque
571 3619 609 3660 ac
626 3597 777 3661 Romanis
800 3595 1059 3684 gravissimorum
1079 3593 1159 3656 inter
1183 3613 1217 3654 se

191 3702 334 3756 motuum
352 3713 447 3756 eausa
464 3691 533 3756 fuit.
556 3691 643 3776 genti
660 3690 848 3756 Parthorum
865 3688 1041 3774 Vologeses
1059 3683 1218 3768 imperita-

188 3785 252 3862 bat,
267 3795 408 3850 materna
416 3786 535 3871 origine
545 3807 585 3849 ex
592 3786 710 3869 paelice
721 3783 853 3860 Graeca,
869 3804 1020 3847 concessu
1029 3780 1161 3842 fratrum
1169 3798 1218 3838 re·
1268 3821 1270 3824 -

189 3902 288 3964 gnum
300 3880 448 3964 adeptus3
465 3879 604 3944 Hiberos
616 3878 847 3943 Pharasmanes
866 3884 990 3940 vetusta
1006 3868 1216 3956 possessione,

189 3973 359 4039 Armenios
373 3973 469 4038 frater
483 3974 549 4041 eius
562 3972 763 4037 Mithridates
782 3967 943 4034 obtinebat
961 3964 1073 4050 opibus
1091 3961 1216 4029 nostris.

191 4077 257 4132 erat
273 4068 497 4133 Pharasmanis
519 4067 602 4132 filius
624 4065 749 4130 nomine
770 4062 989 4137 Radamistus,
1012 4059 1125 4123 deeora
1146 4079 1244 4142 pro-.

192 4164 331 4241 ceritate,
354 4163 387 4228 vi
405 4163 542 4248 corporis
564 4159 697 4246 insignis
716 4167 747 4224 et
763 4157 880 4244 patrias
903 4164 985 4221 artes
1008 4153 1136 4220 edoctus
1155 4153 1217 4220 cla
