<?xml version="1.0" encoding="UTF-8"?>
<!DOCTYPE html PUBLIC "-//W3C//DTD XHTML 1.0 Transitional//EN"
    "http://www.w3.org/TR/xhtml1/DTD/xhtml1-transitional.dtd">
<html xmlns="http://www.w3.org/1999/xhtml" xml:lang="en" lang="en">
 <head>
  <title>
</title>
<meta http-equiv="Content-Type" content="text/html;charset=utf-8" />
  <meta name='ocr-system' content='tesseract 3.04.00' />
  <meta name='ocr-capabilities' content='ocr_page ocr_carea ocr_par ocr_line ocrx_word'/>
</head>
<body>
  <div class='ocr_page' id='page_1' title='image "./corneliitacitio00haasgoog_0202.png"; bbox 0 0 2960 4962; ppageno 0'>
   <div class='ocr_carea' id='block_1_1' title="bbox 122 448 1162 603">
    <p class='ocr_par' dir='ltr' id='par_1_1' title="bbox 122 448 1162 603">
     <span class='ocr_line' id='line_1_1' title="bbox 398 448 1162 516; baseline 0 -2"><span class='ocrx_word' id='word_1_1' title='bbox 398 456 605 516; x_wconf 83' lang='lat' dir='ltr'>ANNALIUM</span> <span class='ocrx_word' id='word_1_2' title='bbox 622 457 699 514; x_wconf 89' lang='lat' dir='ltr'><strong>LIB.</strong></span> <span class='ocrx_word' id='word_1_3' title='bbox 713 459 763 515; x_wconf 90' lang='lat' dir='ltr'><strong>IV.</strong></span> <span class='ocrx_word' id='word_1_4' title='bbox 782 461 900 514; x_wconf 74' lang='lat'><strong>18-22.</strong></span> <span class='ocrx_word' id='word_1_5' title='bbox 1099 448 1162 514; x_wconf 78' lang='grc'><strong>125</strong></span> 
     </span>
     <span class='ocr_line' id='line_1_2' title="bbox 122 549 251 603; baseline -0.016 -12"><span class='ocrx_word' id='word_1_6' title='bbox 122 563 146 603; x_wconf 68' lang='grc' dir='ltr'><strong>ρ.</strong></span> <span class='ocrx_word' id='word_1_7' title='bbox 156 549 200 591; x_wconf 80' lang='lat' dir='ltr'><strong>ca.</strong></span> <span class='ocrx_word' id='word_1_8' title='bbox 211 549 251 590; x_wconf 73' lang='grc'><strong>24.</strong></span> 
     </span>
    </p>
   </div>
   <div class='ocr_carea' id='block_1_2' title="bbox 121 614 1161 986">
    <p class='ocr_par' dir='ltr' id='par_1_2' title="bbox 121 614 1161 986">
     <span class='ocr_line' id='line_1_3' title="bbox 121 614 1161 704; baseline 0 -20"><span class='ocrx_word' id='word_1_9' title='bbox 121 619 185 684; x_wconf 91' lang='lat' dir='ltr'><strong>dus</strong></span> <span class='ocrx_word' id='word_1_10' title='bbox 199 625 353 702; x_wconf 85' lang='lat' dir='ltr'><strong>quartam</strong></span> <span class='ocrx_word' id='word_1_11' title='bbox 366 614 600 682; x_wconf 86' lang='lat' dir='ltr'><strong>accusatoribus</strong></span> <span class='ocrx_word' id='word_1_12' title='bbox 615 614 787 681; x_wconf 88' lang='lat' dir='ltr'><strong>secundum</strong></span> <span class='ocrx_word' id='word_1_13' title='bbox 796 617 1058 683; x_wconf 88' lang='lat' dir='ltr'><strong>necessitudinem</strong></span> <span class='ocrx_word' id='word_1_14' title='bbox 1070 617 1161 704; x_wconf 89' lang='lat' dir='ltr'><strong>legis,</strong></span> 
     </span>
     <span class='ocr_line' id='line_1_4' title="bbox 122 708 1160 797; baseline 0 -19"><span class='ocrx_word' id='word_1_15' title='bbox 122 723 235 778; x_wconf 85' lang='lat' dir='ltr'><strong>cetera</strong></span> <span class='ocrx_word' id='word_1_16' title='bbox 264 712 371 776; x_wconf 90' lang='lat' dir='ltr'><strong>liberis</strong></span> <span class='ocrx_word' id='word_1_17' title='bbox 398 710 562 774; x_wconf 85' lang='lat' dir='ltr'><strong>concessit</strong></span> <span class='ocrx_word' id='word_1_18' title='bbox 592 708 677 774; x_wconf 90' lang='lat' dir='ltr'><strong>hunc</strong></span> <span class='ocrx_word' id='word_1_19' title='bbox 702 732 762 795; x_wconf 91' lang='lat' dir='ltr'><strong>ego</strong></span> <span class='ocrx_word' id='word_1_20' title='bbox 783 710 944 794; x_wconf 90' lang='lat' dir='ltr'><strong>Lepidum</strong></span> <span class='ocrx_word' id='word_1_21' title='bbox 969 712 1160 797; x_wconf 81' lang='lat' dir='ltr'><strong>temporibus</strong></span> 
     </span>
     <span class='ocr_line' id='line_1_5' title="bbox 122 803 1161 892; baseline 0 -20"><span class='ocrx_word' id='word_1_22' title='bbox 122 807 186 872; x_wconf 91' lang='lat' dir='ltr'><strong>illis</strong></span> <span class='ocrx_word' id='word_1_23' title='bbox 215 827 354 892; x_wconf 87' lang='lat' dir='ltr'><strong>gravem</strong></span> <span class='ocrx_word' id='word_1_24' title='bbox 377 813 409 868; x_wconf 92' lang='lat' dir='ltr'><strong>et</strong></span> <span class='ocrx_word' id='word_1_25' title='bbox 430 803 601 888; x_wconf 81' lang='lat' dir='ltr'>sapientem</span> <span class='ocrx_word' id='word_1_26' title='bbox 626 803 729 866; x_wconf 90' lang='lat' dir='ltr'><strong>virum</strong></span> <span class='ocrx_word' id='word_1_27' title='bbox 750 803 850 868; x_wconf 87' lang='lat' dir='ltr'><strong>fuisse</strong></span> <span class='ocrx_word' id='word_1_28' title='bbox 875 806 1061 890; x_wconf 89' lang='lat' dir='ltr'><strong>comperior:</strong></span> <span class='ocrx_word' id='word_1_29' title='bbox 1087 829 1161 872; x_wconf 89' lang='lat' dir='ltr'><strong>nam</strong></span> 
     </span>
     <span class='ocr_line' id='line_1_6' title="bbox 122 896 1160 986; baseline 0.001 -22"><span class='ocrx_word' id='word_1_30' title='bbox 122 899 284 986; x_wconf 77' lang='lat' dir='ltr'>pleraque</span> <span class='ocrx_word' id='word_1_31' title='bbox 301 897 341 962; x_wconf 90' lang='lat' dir='ltr'><strong>ab</strong></span> <span class='ocrx_word' id='word_1_32' title='bbox 361 897 464 962; x_wconf 87' lang='lat' dir='ltr'><strong>saevis</strong></span> <span class='ocrx_word' id='word_1_33' title='bbox 486 896 715 961; x_wconf 79' lang='lat' dir='ltr'><strong>adulationibus</strong></span> <span class='ocrx_word' id='word_1_34' title='bbox 738 897 868 962; x_wconf 89' lang='lat' dir='ltr'><strong>aliorum</strong></span> <span class='ocrx_word' id='word_1_35' title='bbox 885 899 918 962; x_wconf 89' lang='lat' dir='ltr'><strong>in</strong></span> <span class='ocrx_word' id='word_1_36' title='bbox 935 899 1046 964; x_wconf 88' lang='lat' dir='ltr'><strong>melius</strong></span> <span class='ocrx_word' id='word_1_37' title='bbox 1065 899 1160 978; x_wconf 84' lang='lat' dir='ltr'><strong>flexit,</strong></span> 
     </span>
    </p>
   </div>
   <div class='ocr_carea' id='block_1_3' title="bbox 99 989 1280 4274">
    <p class='ocr_par' dir='ltr' id='par_1_3' title="bbox 123 989 1163 1991">
     <span class='ocr_line' id='line_1_7' title="bbox 124 989 1163 1077; baseline 0.001 -20"><span class='ocrx_word' id='word_1_38' title='bbox 124 1015 235 1077; x_wconf 88' lang='lat' dir='ltr'><strong>neque</strong></span> <span class='ocrx_word' id='word_1_39' title='bbox 256 1001 362 1056; x_wconf 87' lang='lat' dir='ltr'><strong>tamen</strong></span> <span class='ocrx_word' id='word_1_40' title='bbox 375 991 609 1075; x_wconf 78' lang='lat' dir='ltr'><strong>temperamenti</strong></span> <span class='ocrx_word' id='word_1_41' title='bbox 627 989 748 1075; x_wconf 85' lang='lat' dir='ltr'><strong>egebat,</strong></span> <span class='ocrx_word' id='word_1_42' title='bbox 767 1013 839 1055; x_wconf 89' lang='lat' dir='ltr'><strong>cum</strong></span> <span class='ocrx_word' id='word_1_43' title='bbox 856 991 1012 1075; x_wconf 86' lang='lat' dir='ltr'><strong>aequabili</strong></span> <span class='ocrx_word' id='word_1_44' title='bbox 1029 994 1163 1058; x_wconf 89' lang='lat' dir='ltr'><strong>auctori-</strong></span> 
     </span>
     <span class='ocr_line' id='line_1_8' title="bbox 123 1084 1161 1174; baseline -0.002 -22"><span class='ocrx_word' id='word_1_45' title='bbox 123 1096 190 1152; x_wconf 85' lang='lat' dir='ltr'><strong>tate</strong></span> <span class='ocrx_word' id='word_1_46' title='bbox 206 1096 245 1151; x_wconf 87' lang='lat' dir='ltr'><strong>et</strong></span> <span class='ocrx_word' id='word_1_47' title='bbox 257 1085 360 1172; x_wconf 88' lang='lat' dir='ltr'><strong>gratia</strong></span> <span class='ocrx_word' id='word_1_48' title='bbox 373 1085 459 1170; x_wconf 87' lang='lat' dir='ltr'><strong>apud</strong></span> <span class='ocrx_word' id='word_1_49' title='bbox 466 1084 628 1150; x_wconf 83' lang='lat' dir='ltr'><strong>Tiberium</strong></span> <span class='ocrx_word' id='word_1_50' title='bbox 641 1085 788 1170; x_wconf 84' lang='lat' dir='ltr'><strong>viguerit:</strong></span> <span class='ocrx_word' id='word_1_51' title='bbox 802 1086 886 1150; x_wconf 88' lang='lat' dir='ltr'><strong>unde</strong></span> <span class='ocrx_word' id='word_1_52' title='bbox 899 1086 1041 1152; x_wconf 87' lang='lat' dir='ltr'><strong>dubitare</strong></span> <span class='ocrx_word' id='word_1_53' title='bbox 1055 1109 1161 1174; x_wconf 91' lang='lat' dir='ltr'><strong>cogor,</strong></span> 
     </span>
     <span class='ocr_line' id='line_1_9' title="bbox 124 1177 1161 1264; baseline -0.001 -19"><span class='ocrx_word' id='word_1_54' title='bbox 124 1180 193 1245; x_wconf 86' lang='lat' dir='ltr'><strong>fato</strong></span> <span class='ocrx_word' id='word_1_55' title='bbox 214 1189 251 1244; x_wconf 89' lang='lat' dir='ltr'><strong>et</strong></span> <span class='ocrx_word' id='word_1_56' title='bbox 268 1187 352 1244; x_wconf 88' lang='lat' dir='ltr'><strong>sorte</strong></span> <span class='ocrx_word' id='word_1_57' title='bbox 370 1177 533 1254; x_wconf 89' lang='lat' dir='ltr'><strong>nascendi,</strong></span> <span class='ocrx_word' id='word_1_58' title='bbox 556 1187 594 1241; x_wconf 88' lang='lat' dir='ltr'><strong>ut·</strong></span> <span class='ocrx_word' id='word_1_59' title='bbox 608 1186 725 1255; x_wconf 89' lang='lat' dir='ltr'><strong>cetera,</strong></span> <span class='ocrx_word' id='word_1_60' title='bbox 747 1179 792 1242; x_wconf 89' lang='lat' dir='ltr'><strong>ita</strong></span> <span class='ocrx_word' id='word_1_61' title='bbox 807 1179 984 1264; x_wconf 79' lang='lat' dir='ltr'><strong>principum</strong></span> <span class='ocrx_word' id='word_1_62' title='bbox 1005 1179 1161 1244; x_wconf 81' lang='lat' dir='ltr'><strong>inclinatio</strong></span> 
     </span>
     <span class='ocr_line' id='line_1_10' title="bbox 123 1271 1160 1354; baseline -0.003 -16"><span class='ocrx_word' id='word_1_63' title='bbox 123 1273 158 1338; x_wconf 92' lang='lat' dir='ltr'><strong>in</strong></span> <span class='ocrx_word' id='word_1_64' title='bbox 174 1273 258 1350; x_wconf 90' lang='lat' dir='ltr'><strong>hos,</strong></span> <span class='ocrx_word' id='word_1_65' title='bbox 277 1271 412 1337; x_wconf 89' lang='lat' dir='ltr'><strong>offensio</strong></span> <span class='ocrx_word' id='word_1_66' title='bbox 429 1271 462 1334; x_wconf 90' lang='lat' dir='ltr'><strong>in</strong></span> <span class='ocrx_word' id='word_1_67' title='bbox 480 1271 562 1347; x_wconf 92' lang='lat' dir='ltr'><strong>illos,</strong></span> <span class='ocrx_word' id='word_1_68' title='bbox 581 1293 621 1334; x_wconf 89' lang='lat' dir='ltr'><strong>an</strong></span> <span class='ocrx_word' id='word_1_69' title='bbox 639 1271 680 1335; x_wconf 91' lang='lat' dir='ltr'><strong>sit</strong></span> <span class='ocrx_word' id='word_1_70' title='bbox 697 1271 864 1354; x_wconf 87' lang='lat' dir='ltr'><strong>aliquidin</strong></span> <span class='ocrx_word' id='word_1_71' title='bbox 882 1272 995 1337; x_wconf 87' lang='lat' dir='ltr'><strong>nostris</strong></span> <span class='ocrx_word' id='word_1_72' title='bbox 1013 1271 1160 1348; x_wconf 89' lang='lat' dir='ltr'><strong>consiliis,</strong></span> 
     </span>
     <span class='ocr_line' id='line_1_11' title="bbox 125 1363 1161 1450; baseline -0.001 -20"><span class='ocrx_word' id='word_1_73' title='bbox 125 1367 288 1450; x_wconf 88' lang='lat' dir='ltr'><strong>liceatque</strong></span> <span class='ocrx_word' id='word_1_74' title='bbox 310 1365 392 1428; x_wconf 86' lang='lat' dir='ltr'><strong>inter</strong></span> <span class='ocrx_word' id='word_1_75' title='bbox 413 1363 578 1448; x_wconf 82' lang='lat' dir='ltr'><strong>abruptam</strong></span> <span class='ocrx_word' id='word_1_76' title='bbox 604 1363 830 1428; x_wconf 80' lang='lat' dir='ltr'><strong>contumaciam</strong></span> <span class='ocrx_word' id='word_1_77' title='bbox 853 1373 884 1428; x_wconf 89' lang='lat' dir='ltr'><strong>et</strong></span> <span class='ocrx_word' id='word_1_78' title='bbox 910 1363 1049 1428; x_wconf 78' lang='lat' dir='ltr'><strong>deforme</strong></span> <span class='ocrx_word' id='word_1_79' title='bbox 1071 1363 1161 1429; x_wconf 89' lang='lat' dir='ltr'><strong>obse-</strong></span> 
     </span>
     <span class='ocr_line' id='line_1_12' title="bbox 125 1456 1162 1545; baseline -0.001 -21"><span class='ocrx_word' id='word_1_80' title='bbox 125 1460 244 1542; x_wconf 91' lang='lat' dir='ltr'><strong>quium</strong></span> <span class='ocrx_word' id='word_1_81' title='bbox 255 1480 390 1545; x_wconf 86' lang='lat' dir='ltr'><strong>pergere</strong></span> <span class='ocrx_word' id='word_1_82' title='bbox 402 1457 462 1520; x_wconf 89' lang='lat' dir='ltr'><strong>iter</strong></span> <span class='ocrx_word' id='word_1_83' title='bbox 474 1456 642 1522; x_wconf 88' lang='lat' dir='ltr'><strong>ambitione</strong></span> <span class='ocrx_word' id='word_1_84' title='bbox 655 1478 693 1520; x_wconf 87' lang='lat' dir='ltr'><strong>ac</strong></span> <span class='ocrx_word' id='word_1_85' title='bbox 705 1457 851 1541; x_wconf 86' lang='lat' dir='ltr'><strong>periculis</strong></span> <span class='ocrx_word' id='word_1_86' title='bbox 865 1479 1010 1522; x_wconf 88' lang='lat' dir='ltr'><strong>vacuum.</strong></span> <span class='ocrx_word' id='word_1_87' title='bbox 1033 1456 1162 1524; x_wconf 88' lang='lat' dir='ltr'><strong>atMes·</strong></span> 
     </span>
     <span class='ocr_line' id='line_1_13' title="bbox 129 1549 1160 1628; baseline -0.002 -10"><span class='ocrx_word' id='word_1_88' title='bbox 129 1553 254 1618; x_wconf 90' lang='lat' dir='ltr'><strong>salinus</strong></span> <span class='ocrx_word' id='word_1_89' title='bbox 283 1551 380 1616; x_wconf 89' lang='lat' dir='ltr'><strong>Cotta</strong></span> <span class='ocrx_word' id='word_1_90' title='bbox 405 1550 490 1614; x_wconf 89' lang='lat' dir='ltr'><strong>haud</strong></span> <span class='ocrx_word' id='word_1_91' title='bbox 515 1549 619 1614; x_wconf 90' lang='lat' dir='ltr'><strong>minus</strong></span> <span class='ocrx_word' id='word_1_92' title='bbox 645 1549 737 1614; x_wconf 87' lang='lat' dir='ltr'><strong>claris</strong></span> <span class='ocrx_word' id='word_1_93' title='bbox 761 1549 946 1628; x_wconf 91' lang='lat' dir='ltr'><strong>maioribus,</strong></span> <span class='ocrx_word' id='word_1_94' title='bbox 974 1550 1031 1616; x_wconf 91' lang='lat' dir='ltr'><strong>sed</strong></span> <span class='ocrx_word' id='word_1_95' title='bbox 1056 1551 1160 1616; x_wconf 91' lang='lat' dir='ltr'><strong>animo</strong></span> 
     </span>
     <span class='ocr_line' id='line_1_14' title="bbox 127 1644 1161 1730; baseline 0.001 -21"><span class='ocrx_word' id='word_1_96' title='bbox 127 1646 293 1723; x_wconf 87' lang='lat' dir='ltr'><strong>diversus,</strong></span> <span class='ocrx_word' id='word_1_97' title='bbox 321 1644 444 1710; x_wconf 90' lang='lat' dir='ltr'><strong>censuit</strong></span> <span class='ocrx_word' id='word_1_98' title='bbox 469 1644 642 1708; x_wconf 88' lang='lat' dir='ltr'><strong>cavendum</strong></span> <span class='ocrx_word' id='word_1_99' title='bbox 668 1653 795 1709; x_wconf 87' lang='lat' dir='ltr'><strong>senatus</strong></span> <span class='ocrx_word' id='word_1_100' title='bbox 822 1645 965 1710; x_wconf 89' lang='lat' dir='ltr'><strong>consulto</strong></span> <span class='ocrx_word' id='word_1_101' title='bbox 991 1654 1026 1710; x_wconf 87' lang='lat' dir='ltr'><strong>ut</strong></span> <span class='ocrx_word' id='word_1_102' title='bbox 1051 1667 1161 1730; x_wconf 87' lang='lat' dir='ltr'><strong>quam-</strong></span> 
     </span>
     <span class='ocr_line' id='line_1_15' title="bbox 128 1737 1160 1825; baseline 0 -20"><span class='ocrx_word' id='word_1_103' title='bbox 128 1761 228 1824; x_wconf 88' lang='lat' dir='ltr'><strong>quam</strong></span> <span class='ocrx_word' id='word_1_104' title='bbox 249 1740 391 1804; x_wconf 81' lang='lat' dir='ltr'><strong>insontes</strong></span> <span class='ocrx_word' id='word_1_105' title='bbox 417 1737 618 1823; x_wconf 84' lang='lat' dir='ltr'><strong>magistratus</strong></span> <span class='ocrx_word' id='word_1_106' title='bbox 636 1745 668 1802; x_wconf 86' lang='lat' dir='ltr'><strong>et</strong></span> <span class='ocrx_word' id='word_1_107' title='bbox 693 1737 803 1823; x_wconf 90' lang='lat' dir='ltr'><strong>eulpae</strong></span> <span class='ocrx_word' id='word_1_108' title='bbox 825 1739 944 1804; x_wconf 88' lang='lat' dir='ltr'><strong>alienae</strong></span> <span class='ocrx_word' id='word_1_109' title='bbox 965 1739 1063 1805; x_wconf 90' lang='lat' dir='ltr'><strong>nescii</strong></span> <span class='ocrx_word' id='word_1_110' title='bbox 1088 1761 1160 1825; x_wconf 91' lang='lat' dir='ltr'><strong>pro·</strong></span> 
     </span>
     <span class='ocr_line' id='line_1_16' title="bbox 127 1829 1160 1917; baseline 0.002 -21"><span class='ocrx_word' id='word_1_111' title='bbox 127 1831 320 1900; x_wconf 69' lang='lat' dir='ltr'><strong>mncmlibus</strong></span> <span class='ocrx_word' id='word_1_112' title='bbox 338 1851 471 1896; x_wconf 84' lang='lat' dir='ltr'><strong>uxorum</strong></span> <span class='ocrx_word' id='word_1_113' title='bbox 489 1830 669 1896; x_wconf 79' lang='lat' dir='ltr'><strong>criminibus</strong></span> <span class='ocrx_word' id='word_1_114' title='bbox 691 1829 821 1915; x_wconf 89' lang='lat' dir='ltr'><strong>proinde</strong></span> <span class='ocrx_word' id='word_1_115' title='bbox 844 1853 939 1916; x_wconf 87' lang='lat' dir='ltr'><strong>quam</strong></span> <span class='ocrx_word' id='word_1_116' title='bbox 961 1832 1026 1900; x_wconf 89' lang='lat' dir='ltr'><strong>suis</strong></span> <span class='ocrx_word' id='word_1_117' title='bbox 1043 1833 1160 1917; x_wconf 89' lang='lat' dir='ltr'><strong>plecte-</strong></span> 
     </span>
     <span class='ocr_line' id='line_1_17' title="bbox 128 1936 248 1991; baseline 0.008 -1"><span class='ocrx_word' id='word_1_118' title='bbox 128 1936 248 1991; x_wconf 88' lang='lat' dir='ltr'><strong>rentur.</strong></span> 
     </span>
    </p>

    <p class='ocr_par' dir='ltr' id='par_1_4' title="bbox 99 2018 1234 3135">
     <span class='ocr_line' id='line_1_18' title="bbox 99 2018 1208 2106; baseline 0.002 -20"><span class='ocrx_word' id='word_1_119' title='bbox 99 2058 105 2071; x_wconf 92' lang='lat'><strong>·</strong></span> <span class='ocrx_word' id='word_1_120' title='bbox 170 2020 317 2086; x_wconf 77' lang='lat' dir='ltr'><strong>-Actum</strong></span> <span class='ocrx_word' id='word_1_121' title='bbox 340 2020 453 2085; x_wconf 88' lang='lat' dir='ltr'><strong>dehinc</strong></span> <span class='ocrx_word' id='word_1_122' title='bbox 474 2019 514 2086; x_wconf 91' lang='lat' dir='ltr'><strong>de</strong></span> <span class='ocrx_word' id='word_1_123' title='bbox 536 2019 708 2106; x_wconf 85' lang='lat' dir='ltr'><strong>Calpurnio</strong></span> <span class='ocrx_word' id='word_1_124' title='bbox 729 2020 861 2098; x_wconf 89' lang='lat' dir='ltr'><strong>Pisone,</strong></span> <span class='ocrx_word' id='word_1_125' title='bbox 884 2019 982 2086; x_wconf 91' lang='lat' dir='ltr'><strong>nobili</strong></span> <span class='ocrx_word' id='word_1_126' title='bbox 1004 2041 1041 2085; x_wconf 89' lang='lat' dir='ltr'><strong>ac</strong></span> <span class='ocrx_word' id='word_1_127' title='bbox 1062 2018 1160 2084; x_wconf 78' lang='lat' dir='ltr'><strong>feroci</strong></span> <span class='ocrx_word' id='word_1_128' title='bbox 1178 2041 1208 2088; x_wconf 83' lang='grc' dir='ltr'><strong>2ι</strong></span> 
     </span>
     <span class='ocr_line' id='line_1_19' title="bbox 132 2111 1160 2198; baseline 0 -20"><span class='ocrx_word' id='word_1_129' title='bbox 132 2114 213 2193; x_wconf 86' lang='lat' dir='ltr'><strong>vir03</strong></span> <span class='ocrx_word' id='word_1_130' title='bbox 230 2116 259 2180; x_wconf 92' lang='lat' dir='ltr'><strong>is</strong></span> <span class='ocrx_word' id='word_1_131' title='bbox 273 2135 425 2198; x_wconf 87' lang='lat' dir='ltr'><strong>namque,</strong></span> <span class='ocrx_word' id='word_1_132' title='bbox 443 2123 479 2178; x_wconf 91' lang='lat' dir='ltr'><strong>ut</strong></span> <span class='ocrx_word' id='word_1_133' title='bbox 494 2113 607 2191; x_wconf 91' lang='lat' dir='ltr'><strong>rettuli,</strong></span> <span class='ocrx_word' id='word_1_134' title='bbox 627 2135 791 2180; x_wconf 88' lang='lat' dir='ltr'><strong>cessurum</strong></span> <span class='ocrx_word' id='word_1_135' title='bbox 808 2135 842 2178; x_wconf 93' lang='lat' dir='ltr'><strong>se</strong></span> <span class='ocrx_word' id='word_1_136' title='bbox 860 2112 937 2178; x_wconf 91' lang='lat' dir='ltr'><strong>urbe</strong></span> <span class='ocrx_word' id='word_1_137' title='bbox 954 2111 995 2178; x_wconf 93' lang='lat' dir='ltr'><strong>ob</strong></span> <span class='ocrx_word' id='word_1_138' title='bbox 1008 2111 1160 2178; x_wconf 80' lang='lat' dir='ltr'><strong>factiones</strong></span> 
     </span>
     <span class='ocr_line' id='line_1_20' title="bbox 130 2205 1161 2292; baseline -0.002 -20"><span class='ocrx_word' id='word_1_139' title='bbox 130 2218 352 2273; x_wconf 86' lang='lat' dir='ltr'><strong>accusatorum</strong></span> <span class='ocrx_word' id='word_1_140' title='bbox 369 2208 402 2271; x_wconf 92' lang='lat' dir='ltr'><strong>in</strong></span> <span class='ocrx_word' id='word_1_141' title='bbox 420 2217 530 2272; x_wconf 87' lang='lat' dir='ltr'><strong>senatu</strong></span> <span class='ocrx_word' id='word_1_142' title='bbox 544 2208 757 2273; x_wconf 85' lang='lat' dir='ltr'><strong>clamitaverat</strong></span> <span class='ocrx_word' id='word_1_143' title='bbox 774 2216 806 2274; x_wconf 88' lang='lat' dir='ltr'><strong>et</strong></span> <span class='ocrx_word' id='word_1_144' title='bbox 824 2216 928 2292; x_wconf 90' lang='lat' dir='ltr'><strong>spreta</strong></span> <span class='ocrx_word' id='word_1_145' title='bbox 940 2206 1079 2291; x_wconf 88' lang='lat' dir='ltr'><strong>potentia</strong></span> <span class='ocrx_word' id='word_1_146' title='bbox 1091 2205 1161 2271; x_wconf 84' lang='lat' dir='ltr'><strong>Au-</strong></span> 
     </span>
     <span class='ocr_line' id='line_1_21' title="bbox 131 2300 1234 2387; baseline 0 -21"><span class='ocrx_word' id='word_1_147' title='bbox 131 2311 244 2385; x_wconf 88' lang='lat' dir='ltr'><strong>gustae</strong></span> <span class='ocrx_word' id='word_1_148' title='bbox 267 2300 391 2366; x_wconf 87' lang='lat' dir='ltr'><strong>trahere</strong></span> <span class='ocrx_word' id='word_1_149' title='bbox 408 2301 441 2364; x_wconf 90' lang='lat' dir='ltr'><strong>in</strong></span> <span class='ocrx_word' id='word_1_150' title='bbox 461 2302 510 2368; x_wconf 90' lang='lat' dir='ltr'><strong>ius</strong></span> <span class='ocrx_word' id='word_1_151' title='bbox 528 2301 737 2387; x_wconf 87' lang='lat' dir='ltr'><strong>Urgulaniam</strong></span> <span class='ocrx_word' id='word_1_152' title='bbox 760 2303 917 2385; x_wconf 88' lang='lat' dir='ltr'><strong>domoque</strong></span> <span class='ocrx_word' id='word_1_153' title='bbox 938 2300 1087 2386; x_wconf 90' lang='lat' dir='ltr'><strong>principis</strong></span> <span class='ocrx_word' id='word_1_154' title='bbox 1106 2323 1161 2366; x_wconf 86' lang='lat' dir='ltr'><strong>ex·</strong></span> <span class='ocrx_word' id='word_1_155' title='bbox 1228 2369 1234 2380; x_wconf 68' lang='grc'><em>,</em></span> 
     </span>
     <span class='ocr_line' id='line_1_22' title="bbox 132 2394 1158 2480; baseline 0 -20"><span class='ocrx_word' id='word_1_156' title='bbox 132 2395 195 2460; x_wconf 90' lang='lat' dir='ltr'><strong>cire</strong></span> <span class='ocrx_word' id='word_1_157' title='bbox 212 2417 311 2461; x_wconf 90' lang='lat' dir='ltr'><strong>ausus</strong></span> <span class='ocrx_word' id='word_1_158' title='bbox 326 2404 400 2472; x_wconf 89' lang='lat' dir='ltr'><strong>erat,</strong></span> <span class='ocrx_word' id='word_1_159' title='bbox 419 2417 498 2479; x_wconf 92' lang='lat' dir='ltr'><strong>quae</strong></span> <span class='ocrx_word' id='word_1_160' title='bbox 516 2396 550 2459; x_wconf 87' lang='lat' dir='ltr'><strong>in</strong></span> <span class='ocrx_word' id='word_1_161' title='bbox 561 2417 709 2480; x_wconf 88' lang='lat' dir='ltr'><strong>praesens</strong></span> <span class='ocrx_word' id='word_1_162' title='bbox 724 2395 869 2462; x_wconf 82' lang='lat' dir='ltr'><strong>Tiberius</strong></span> <span class='ocrx_word' id='word_1_163' title='bbox 887 2396 1018 2478; x_wconf 86' lang='lat' dir='ltr'><strong>civiliter</strong></span> <span class='ocrx_word' id='word_1_164' title='bbox 1035 2394 1158 2460; x_wconf 86' lang='lat' dir='ltr'><strong>habuit:</strong></span> 
     </span>
     <span class='ocr_line' id='line_1_23' title="bbox 133 2489 1159 2574; baseline 0.002 -22"><span class='ocrx_word' id='word_1_165' title='bbox 133 2489 189 2552; x_wconf 86' lang='lat' dir='ltr'><strong>sed</strong></span> <span class='ocrx_word' id='word_1_166' title='bbox 205 2490 240 2553; x_wconf 92' lang='lat' dir='ltr'><strong>in</strong></span> <span class='ocrx_word' id='word_1_167' title='bbox 257 2489 363 2554; x_wconf 89' lang='lat' dir='ltr'><strong>animo</strong></span> <span class='ocrx_word' id='word_1_168' title='bbox 379 2489 559 2553; x_wconf 89' lang='lat' dir='ltr'><strong>revolvente</strong></span> <span class='ocrx_word' id='word_1_169' title='bbox 580 2489 657 2565; x_wconf 87' lang='lat' dir='ltr'><strong>iras,</strong></span> <span class='ocrx_word' id='word_1_170' title='bbox 681 2489 803 2556; x_wconf 85' lang='lat' dir='ltr'><strong>etiamsi</strong></span> <span class='ocrx_word' id='word_1_171' title='bbox 823 2490 958 2574; x_wconf 89' lang='lat' dir='ltr'><strong>impetus</strong></span> <span class='ocrx_word' id='word_1_172' title='bbox 977 2489 1159 2554; x_wconf 89' lang='lat' dir='ltr'><strong>offensionis</strong></span> 
     </span>
     <span class='ocr_line' id='line_1_24' title="bbox 132 2580 1160 2668; baseline 0.002 -22"><span class='ocrx_word' id='word_1_173' title='bbox 132 2580 312 2668; x_wconf 88' lang='lat' dir='ltr'><strong>languerat,</strong></span> <span class='ocrx_word' id='word_1_174' title='bbox 335 2582 485 2647; x_wconf 90' lang='lat' dir='ltr'><strong>memoria</strong></span> <span class='ocrx_word' id='word_1_175' title='bbox 501 2581 639 2660; x_wconf 82' lang='lat' dir='ltr'><strong>valebat3</strong></span> <span class='ocrx_word' id='word_1_176' title='bbox 662 2581 873 2667; x_wconf 88' lang='lat' dir='ltr'><strong>Pisonemque</strong></span> <span class='ocrx_word' id='word_1_177' title='bbox 892 2580 1029 2649; x_wconf 89' lang='lat' dir='ltr'><strong>Granius</strong></span> <span class='ocrx_word' id='word_1_178' title='bbox 1048 2583 1160 2650; x_wconf 87' lang='lat' dir='ltr'><strong>secreti</strong></span> 
     </span>
     <span class='ocr_line' id='line_1_25' title="bbox 133 2675 1160 2756; baseline 0.004 -18"><span class='ocrx_word' id='word_1_179' title='bbox 133 2675 286 2741; x_wconf 88' lang='lat' dir='ltr'><strong>sermonis</strong></span> <span class='ocrx_word' id='word_1_180' title='bbox 312 2675 467 2741; x_wconf 87' lang='lat' dir='ltr'><strong>incusavit</strong></span> <span class='ocrx_word' id='word_1_181' title='bbox 488 2675 655 2741; x_wconf 90' lang='lat' dir='ltr'><strong>adversum</strong></span> <span class='ocrx_word' id='word_1_182' title='bbox 676 2678 872 2742; x_wconf 88' lang='lat' dir='ltr'><strong>maiestatem</strong></span> <span class='ocrx_word' id='word_1_183' title='bbox 892 2677 1004 2756; x_wconf 91' lang='lat' dir='ltr'><strong>habiti;</strong></span> <span class='ocrx_word' id='word_1_184' title='bbox 1032 2677 1160 2742; x_wconf 82' lang='lat' dir='ltr'><strong>adiecit-</strong></span> 
     </span>
     <span class='ocr_line' id='line_1_26' title="bbox 133 2769 1159 2857; baseline 0.002 -25"><span class='ocrx_word' id='word_1_185' title='bbox 133 2788 194 2850; x_wconf 87' lang='lat' dir='ltr'><strong>que</strong></span> <span class='ocrx_word' id='word_1_186' title='bbox 210 2770 245 2833; x_wconf 92' lang='lat' dir='ltr'><strong>in</strong></span> <span class='ocrx_word' id='word_1_187' title='bbox 263 2770 357 2834; x_wconf 93' lang='lat' dir='ltr'><strong>domo</strong></span> <span class='ocrx_word' id='word_1_188' title='bbox 370 2769 437 2834; x_wconf 91' lang='lat' dir='ltr'><strong>eius</strong></span> <span class='ocrx_word' id='word_1_189' title='bbox 450 2791 606 2834; x_wconf 89' lang='lat' dir='ltr'><strong>venenum</strong></span> <span class='ocrx_word' id='word_1_190' title='bbox 620 2791 699 2847; x_wconf 90' lang='lat' dir='ltr'><strong>esse,</strong></span> <span class='ocrx_word' id='word_1_191' title='bbox 718 2793 851 2855; x_wconf 90' lang='lat' dir='ltr'><strong>eumque</strong></span> <span class='ocrx_word' id='word_1_192' title='bbox 864 2771 970 2857; x_wconf 89' lang='lat' dir='ltr'><strong>gladio</strong></span> <span class='ocrx_word' id='word_1_193' title='bbox 984 2769 1159 2834; x_wconf 87' lang='lat' dir='ltr'><strong>accinctum</strong></span> 
     </span>
     <span class='ocr_line' id='line_1_27' title="bbox 132 2860 1160 2945; baseline 0.003 -20"><span class='ocrx_word' id='word_1_194' title='bbox 132 2860 259 2926; x_wconf 88' lang='lat' dir='ltr'><strong>introire</strong></span> <span class='ocrx_word' id='word_1_195' title='bbox 277 2862 408 2938; x_wconf 91' lang='lat' dir='ltr'><strong>curiam,</strong></span> <span class='ocrx_word' id='word_1_196' title='bbox 428 2862 512 2945; x_wconf 90' lang='lat' dir='ltr'><strong>quod</strong></span> <span class='ocrx_word' id='word_1_197' title='bbox 528 2870 564 2926; x_wconf 88' lang='lat' dir='ltr'><strong>ut</strong></span> <span class='ocrx_word' id='word_1_198' title='bbox 581 2863 715 2930; x_wconf 88' lang='lat' dir='ltr'><strong>atrocius</strong></span> <span class='ocrx_word' id='word_1_199' title='bbox 734 2887 807 2930; x_wconf 92' lang='lat' dir='ltr'><strong>vero</strong></span> <span class='ocrx_word' id='word_1_200' title='bbox 825 2864 1019 2930; x_wconf 84' lang='lat' dir='ltr'><strong>tremissum:</strong></span> <span class='ocrx_word' id='word_1_201' title='bbox 1043 2872 1160 2928; x_wconf 91' lang='lat' dir='ltr'><strong>cetero-</strong></span> 
     </span>
     <span class='ocr_line' id='line_1_28' title="bbox 133 2956 1160 3042; baseline -0.002 -22"><span class='ocrx_word' id='word_1_202' title='bbox 133 2978 215 3034; x_wconf 90' lang='lat' dir='ltr'><strong>rum,</strong></span> <span class='ocrx_word' id='word_1_203' title='bbox 234 2979 317 3040; x_wconf 90' lang='lat' dir='ltr'><strong>quae</strong></span> <span class='ocrx_word' id='word_1_204' title='bbox 333 2956 432 3021; x_wconf 88' lang='lat' dir='ltr'><strong>multa</strong></span> <span class='ocrx_word' id='word_1_205' title='bbox 449 2956 702 3035; x_wconf 89' lang='lat' dir='ltr'><strong>cumulabantur,</strong></span> <span class='ocrx_word' id='word_1_206' title='bbox 724 2967 869 3042; x_wconf 87' lang='lat' dir='ltr'><strong>receptus</strong></span> <span class='ocrx_word' id='word_1_207' title='bbox 887 2965 936 3022; x_wconf 87' lang='lat' dir='ltr'><strong>est</strong></span> <span class='ocrx_word' id='word_1_208' title='bbox 951 2977 1039 3031; x_wconf 86' lang='lat' dir='ltr'><strong>reus,</strong></span> <span class='ocrx_word' id='word_1_209' title='bbox 1057 2976 1160 3040; x_wconf 89' lang='lat' dir='ltr'><strong>neque</strong></span> 
     </span>
     <span class='ocr_line' id='line_1_29' title="bbox 133 3050 700 3135; baseline 0.004 -21"><span class='ocrx_word' id='word_1_210' title='bbox 133 3060 277 3134; x_wconf 89' lang='lat' dir='ltr'><strong>peractus</strong></span> <span class='ocrx_word' id='word_1_211' title='bbox 296 3050 337 3116; x_wconf 92' lang='lat' dir='ltr'><strong>ob</strong></span> <span class='ocrx_word' id='word_1_212' title='bbox 355 3059 487 3116; x_wconf 86' lang='lat' dir='ltr'><strong>mortem</strong></span> <span class='ocrx_word' id='word_1_213' title='bbox 505 3060 700 3135; x_wconf 86' lang='lat' dir='ltr'><strong>oportunam.</strong></span> 
     </span>
    </p>

    <p class='ocr_par' dir='ltr' id='par_1_5' title="bbox 133 3139 1160 3697">
     <span class='ocr_line' id='line_1_30' title="bbox 194 3139 1160 3225; baseline -0.008 -15"><span class='ocrx_word' id='word_1_214' title='bbox 194 3144 344 3210; x_wconf 88' lang='lat' dir='ltr'><strong>Relatum</strong></span> <span class='ocrx_word' id='word_1_215' title='bbox 362 3145 450 3208; x_wconf 90' lang='lat' dir='ltr'><strong>etde</strong></span> <span class='ocrx_word' id='word_1_216' title='bbox 469 3143 582 3210; x_wconf 87' lang='lat' dir='ltr'><strong>Cassio</strong></span> <span class='ocrx_word' id='word_1_217' title='bbox 601 3142 720 3211; x_wconf 88' lang='lat' dir='ltr'><strong>Severo</strong></span> <span class='ocrx_word' id='word_1_218' title='bbox 739 3141 843 3218; x_wconf 88' lang='lat' dir='ltr'><strong>exule,</strong></span> <span class='ocrx_word' id='word_1_219' title='bbox 866 3141 921 3225; x_wconf 90' lang='lat' dir='ltr'><strong>qui</strong></span> <span class='ocrx_word' id='word_1_220' title='bbox 939 3139 1082 3206; x_wconf 84' lang='lat' dir='ltr'><strong>sordidae</strong></span> <span class='ocrx_word' id='word_1_221' title='bbox 1098 3139 1160 3204; x_wconf 90' lang='lat' dir='ltr'><strong>ori-</strong></span> 
     </span>
     <span class='ocr_line' id='line_1_31' title="bbox 133 3232 1158 3321; baseline -0.006 -18"><span class='ocrx_word' id='word_1_222' title='bbox 133 3237 229 3321; x_wconf 89' lang='lat' dir='ltr'><strong>ginis,</strong></span> <span class='ocrx_word' id='word_1_223' title='bbox 248 3237 408 3303; x_wconf 86' lang='lat' dir='ltr'><strong>maleficae</strong></span> <span class='ocrx_word' id='word_1_224' title='bbox 428 3239 522 3315; x_wconf 85' lang='lat' dir='ltr'><strong>vitae,</strong></span> <span class='ocrx_word' id='word_1_225' title='bbox 546 3238 604 3302; x_wconf 90' lang='lat' dir='ltr'><strong>sed</strong></span> <span class='ocrx_word' id='word_1_226' title='bbox 620 3237 729 3302; x_wconf 89' lang='lat' dir='ltr'><strong>orandi</strong></span> <span class='ocrx_word' id='word_1_227' title='bbox 746 3235 883 3312; x_wconf 92' lang='lat' dir='ltr'><strong>validus,</strong></span> <span class='ocrx_word' id='word_1_228' title='bbox 901 3255 958 3319; x_wconf 89' lang='lat' dir='ltr'><strong>per</strong></span> <span class='ocrx_word' id='word_1_229' title='bbox 974 3232 1158 3299; x_wconf 90' lang='lat' dir='ltr'><strong>immodicas</strong></span> 
     </span>
     <span class='ocr_line' id='line_1_32' title="bbox 134 3328 1160 3397; baseline -0.003 -3"><span class='ocrx_word' id='word_1_230' title='bbox 134 3330 310 3396; x_wconf 87' lang='lat' dir='ltr'><strong>inimicitias</strong></span> <span class='ocrx_word' id='word_1_231' title='bbox 336 3342 371 3396; x_wconf 94' lang='lat' dir='ltr'><strong>ut</strong></span> <span class='ocrx_word' id='word_1_232' title='bbox 395 3332 511 3397; x_wconf 90' lang='lat' dir='ltr'><strong>iudicio</strong></span> <span class='ocrx_word' id='word_1_233' title='bbox 536 3332 629 3396; x_wconf 90' lang='lat' dir='ltr'><strong>iurati</strong></span> <span class='ocrx_word' id='word_1_234' title='bbox 655 3339 782 3396; x_wconf 88' lang='lat' dir='ltr'><strong>senatus</strong></span> <span class='ocrx_word' id='word_1_235' title='bbox 810 3328 938 3396; x_wconf 85' lang='lat' dir='ltr'><strong>Cretam</strong></span> <span class='ocrx_word' id='word_1_236' title='bbox 963 3335 1160 3392; x_wconf 90' lang='lat' dir='ltr'><strong>amoveretur</strong></span> 
     </span>
     <span class='ocr_line' id='line_1_33' title="bbox 134 3422 1159 3508; baseline -0.003 -20"><span class='ocrx_word' id='word_1_237' title='bbox 134 3424 294 3502; x_wconf 86' lang='lat' dir='ltr'><strong>effecerat3</strong></span> <span class='ocrx_word' id='word_1_238' title='bbox 321 3435 414 3508; x_wconf 89' lang='lat' dir='ltr'><strong>atque</strong></span> <span class='ocrx_word' id='word_1_239' title='bbox 435 3425 499 3490; x_wconf 93' lang='lat' dir='ltr'><strong>illic</strong></span> <span class='ocrx_word' id='word_1_240' title='bbox 521 3426 631 3489; x_wconf 88' lang='lat' dir='ltr'><strong>eadem</strong></span> <span class='ocrx_word' id='word_1_241' title='bbox 653 3422 809 3493; x_wconf 88' lang='lat' dir='ltr'><strong>actitando</strong></span> <span class='ocrx_word' id='word_1_242' title='bbox 834 3422 971 3488; x_wconf 89' lang='lat' dir='ltr'><strong>recentia</strong></span> <span class='ocrx_word' id='word_1_243' title='bbox 991 3431 1159 3506; x_wconf 88' lang='lat' dir='ltr'><strong>veteraque</strong></span> 
     </span>
     <span class='ocr_line' id='line_1_34' title="bbox 133 3517 1157 3604; baseline -0.002 -22"><span class='ocrx_word' id='word_1_244' title='bbox 133 3519 204 3582; x_wconf 87' lang='lat' dir='ltr'><strong>odia</strong></span> <span class='ocrx_word' id='word_1_245' title='bbox 221 3518 365 3596; x_wconf 86' lang='lat' dir='ltr'><strong>advertit,</strong></span> <span class='ocrx_word' id='word_1_246' title='bbox 383 3518 536 3602; x_wconf 87' lang='lat' dir='ltr'><strong>bonisque</strong></span> <span class='ocrx_word' id='word_1_247' title='bbox 551 3527 674 3596; x_wconf 84' lang='lat' dir='ltr'><strong>exutus,</strong></span> <span class='ocrx_word' id='word_1_248' title='bbox 692 3517 855 3584; x_wconf 87' lang='lat' dir='ltr'><strong>interdicto</strong></span> <span class='ocrx_word' id='word_1_249' title='bbox 871 3517 938 3604; x_wconf 85' lang='lat' dir='ltr'><strong>igni</strong></span> <span class='ocrx_word' id='word_1_250' title='bbox 955 3525 1048 3601; x_wconf 86' lang='lat' dir='ltr'><strong>atque</strong></span> <span class='ocrx_word' id='word_1_251' title='bbox 1066 3538 1157 3600; x_wconf 86' lang='lat' dir='ltr'><strong>aqua,</strong></span> 
     </span>
     <span class='ocr_line' id='line_1_35' title="bbox 133 3610 557 3697; baseline 0 -21"><span class='ocrx_word' id='word_1_252' title='bbox 133 3634 210 3678; x_wconf 88' lang='lat' dir='ltr'><strong>saxo</strong></span> <span class='ocrx_word' id='word_1_253' title='bbox 230 3610 366 3697; x_wconf 83' lang='lat' dir='ltr'><strong>Seripho</strong></span> <span class='ocrx_word' id='word_1_254' title='bbox 384 3613 557 3678; x_wconf 87' lang='lat' dir='ltr'><strong>consenuit.</strong></span> 
     </span>
    </p>

    <p class='ocr_par' dir='ltr' id='par_1_6' title="bbox 129 3703 1280 4274">
     <span class='ocr_line' id='line_1_36' title="bbox 193 3703 1209 3792; baseline -0.002 -23"><span class='ocrx_word' id='word_1_255' title='bbox 193 3704 260 3772; x_wconf 86' lang='lat' dir='ltr'><strong>Per</strong></span> <span class='ocrx_word' id='word_1_256' title='bbox 285 3706 370 3770; x_wconf 92' lang='lat' dir='ltr'><strong>idem</strong></span> <span class='ocrx_word' id='word_1_257' title='bbox 384 3715 519 3792; x_wconf 41' lang='lat' dir='ltr'><strong>&#39;tempus</strong></span> <span class='ocrx_word' id='word_1_258' title='bbox 541 3705 684 3772; x_wconf 90' lang='lat' dir='ltr'><strong>Plautius</strong></span> <span class='ocrx_word' id='word_1_259' title='bbox 708 3705 856 3772; x_wconf 87' lang='lat' dir='ltr'><strong>Silvanus</strong></span> <span class='ocrx_word' id='word_1_260' title='bbox 882 3714 1007 3790; x_wconf 88' lang='lat' dir='ltr'><strong>praetor</strong></span> <span class='ocrx_word' id='word_1_261' title='bbox 1031 3703 1158 3768; x_wconf 90' lang='lat' dir='ltr'><strong>incertis</strong></span> <span class='ocrx_word' id='word_1_262' title='bbox 1176 3721 1209 3769; x_wconf 89' lang='grc'><strong>22</strong></span> 
     </span>
     <span class='ocr_line' id='line_1_37' title="bbox 132 3798 1159 3886; baseline -0.005 -23"><span class='ocrx_word' id='word_1_263' title='bbox 132 3800 235 3864; x_wconf 90' lang='lat' dir='ltr'><strong>causis</strong></span> <span class='ocrx_word' id='word_1_264' title='bbox 258 3798 435 3885; x_wconf 89' lang='lat' dir='ltr'><strong>Aproniam</strong></span> <span class='ocrx_word' id='word_1_265' title='bbox 457 3800 623 3886; x_wconf 90' lang='lat' dir='ltr'><strong>coniugem</strong></span> <span class='ocrx_word' id='word_1_266' title='bbox 644 3801 678 3866; x_wconf 91' lang='lat' dir='ltr'><strong>in</strong></span> <span class='ocrx_word' id='word_1_267' title='bbox 694 3822 844 3885; x_wconf 89' lang='lat' dir='ltr'><strong>praeceps</strong></span> <span class='ocrx_word' id='word_1_268' title='bbox 867 3799 953 3873; x_wconf 91' lang='lat' dir='ltr'><strong>iecit,</strong></span> <span class='ocrx_word' id='word_1_269' title='bbox 979 3804 1159 3876; x_wconf 87' lang='lat' dir='ltr'><strong>tractusque</strong></span> 
     </span>
     <span class='ocr_line' id='line_1_38' title="bbox 131 3892 1160 3980; baseline -0.007 -23"><span class='ocrx_word' id='word_1_270' title='bbox 131 3892 171 3956; x_wconf 86' lang='lat' dir='ltr'><strong>ad</strong></span> <span class='ocrx_word' id='word_1_271' title='bbox 186 3892 360 3958; x_wconf 87' lang='lat' dir='ltr'><strong>Caesarem</strong></span> <span class='ocrx_word' id='word_1_272' title='bbox 373 3895 413 3962; x_wconf 89' lang='lat' dir='ltr'><strong>ab</strong></span> <span class='ocrx_word' id='word_1_273' title='bbox 426 3895 468 3960; x_wconf 88' lang='lat' dir='ltr'><strong>L.</strong></span> <span class='ocrx_word' id='word_1_274' title='bbox 482 3893 625 3980; x_wconf 83' lang='lat' dir='ltr'><strong>Apronio</strong></span> <span class='ocrx_word' id='word_1_275' title='bbox 643 3917 751 3960; x_wconf 89' lang='lat' dir='ltr'><strong>socero</strong></span> <span class='ocrx_word' id='word_1_276' title='bbox 769 3892 894 3957; x_wconf 90' lang='lat' dir='ltr'><strong>turbata</strong></span> <span class='ocrx_word' id='word_1_277' title='bbox 910 3896 1014 3974; x_wconf 88' lang='lat' dir='ltr'><strong>mente</strong></span> <span class='ocrx_word' id='word_1_278' title='bbox 1030 3905 1160 3971; x_wconf 88' lang='lat' dir='ltr'><strong>respon-</strong></span> 
     </span>
     <span class='ocr_line' id='line_1_39' title="bbox 131 3985 1160 4076; baseline -0.004 -26"><span class='ocrx_word' id='word_1_279' title='bbox 131 3987 184 4065; x_wconf 87' lang='lat' dir='ltr'><strong>dit,</strong></span> <span class='ocrx_word' id='word_1_280' title='bbox 203 3997 368 4071; x_wconf 87' lang='lat' dir='ltr'><strong>tamquam</strong></span> <span class='ocrx_word' id='word_1_281' title='bbox 380 3990 449 4074; x_wconf 89' lang='lat' dir='ltr'><strong>ipse</strong></span> <span class='ocrx_word' id='word_1_282' title='bbox 463 4012 572 4056; x_wconf 92' lang='lat' dir='ltr'><strong>somno</strong></span> <span class='ocrx_word' id='word_1_283' title='bbox 590 3988 695 4076; x_wconf 85' lang='lat' dir='ltr'><strong>gravis</strong></span> <span class='ocrx_word' id='word_1_284' title='bbox 709 3997 803 4069; x_wconf 89' lang='lat' dir='ltr'><strong>atque</strong></span> <span class='ocrx_word' id='word_1_285' title='bbox 821 4007 859 4049; x_wconf 89' lang='lat' dir='ltr'><strong>eo</strong></span> <span class='ocrx_word' id='word_1_286' title='bbox 876 3985 1015 4068; x_wconf 87' lang='lat' dir='ltr'><strong>ignarus,</strong></span> <span class='ocrx_word' id='word_1_287' title='bbox 1032 3989 1064 4046; x_wconf 92' lang='lat' dir='ltr'><strong>et</strong></span> <span class='ocrx_word' id='word_1_288' title='bbox 1080 4003 1160 4046; x_wconf 85' lang='lat' dir='ltr'><strong>uxor</strong></span> 
     </span>
     <span class='ocr_line' id='line_1_40' title="bbox 130 4075 1159 4169; baseline -0.004 -23"><span class='ocrx_word' id='word_1_289' title='bbox 130 4091 243 4166; x_wconf 87' lang='lat' dir='ltr'><strong>sponte</strong></span> <span class='ocrx_word' id='word_1_290' title='bbox 262 4092 395 4148; x_wconf 87' lang='lat' dir='ltr'><strong>mortem</strong></span> <span class='ocrx_word' id='word_1_291' title='bbox 409 4084 605 4169; x_wconf 81' lang='lat' dir='ltr'><strong>sumpsisset.</strong></span> <span class='ocrx_word' id='word_1_292' title='bbox 627 4105 691 4148; x_wconf 87' lang='lat' dir='ltr'><strong>non</strong></span> <span class='ocrx_word' id='word_1_293' title='bbox 705 4087 886 4146; x_wconf 88' lang='lat' dir='ltr'><strong>cunctanter</strong></span> <span class='ocrx_word' id='word_1_294' title='bbox 898 4075 1043 4142; x_wconf 88' lang='lat' dir='ltr'><strong>Tiberius</strong></span> <span class='ocrx_word' id='word_1_295' title='bbox 1056 4076 1159 4162; x_wconf 91' lang='lat' dir='ltr'><strong>pergit</strong></span> 
     </span>
     <span class='ocr_line' id='line_1_41' title="bbox 129 4170 1280 4274; baseline -0.003 -33"><span class='ocrx_word' id='word_1_296' title='bbox 129 4174 322 4254; x_wconf 69' lang='lat' dir='ltr'><strong>indemens,</strong></span> <span class='ocrx_word' id='word_1_297' title='bbox 340 4178 415 4244; x_wconf 90' lang='lat' dir='ltr'><strong>visit</strong></span> <span class='ocrx_word' id='word_1_298' title='bbox 432 4176 620 4256; x_wconf 89' lang='lat' dir='ltr'><strong>cubiculum,</strong></span> <span class='ocrx_word' id='word_1_299' title='bbox 638 4178 672 4242; x_wconf 91' lang='lat' dir='ltr'><strong>in</strong></span> <span class='ocrx_word' id='word_1_300' title='bbox 684 4197 747 4260; x_wconf 93' lang='lat' dir='ltr'><strong>quo</strong></span> <span class='ocrx_word' id='word_1_301' title='bbox 759 4171 939 4240; x_wconf 87' lang='lat' dir='ltr'><strong>reluctantis</strong></span> <span class='ocrx_word' id='word_1_302' title='bbox 957 4179 989 4237; x_wconf 90' lang='lat' dir='ltr'><strong>et</strong></span> <span class='ocrx_word' id='word_1_303' title='bbox 1004 4170 1158 4258; x_wconf 89' lang='lat' dir='ltr'><strong>impulsae</strong></span> <span class='ocrx_word' id='word_1_304' title='bbox 1271 4259 1280 4274; x_wconf 41' lang='grc' dir='ltr'><em>Ι</em></span> 
     </span>
    </p>
   </div>
   <div class='ocr_carea' id='block_1_4' title="bbox 0 0 1490 4962">
    <p class='ocr_par' dir='ltr' id='par_1_7' title="bbox 0 0 1490 4962">
     <span class='ocr_line' id='line_1_42' title="bbox 0 0 1490 4962; baseline 0 0"><span class='ocrx_word' id='word_1_305' title='bbox 0 0 1490 4962; x_wconf 95' lang='lat' dir='ltr'><strong> </strong></span> 
     </span>
    </p>
   </div>
  </div>
 </body>
</html>
