2960 4962
323 439 383 506 128
671 449 856 508 CORNELII
870 448 997 506 Tuom

1235 551 1292 583 mu.
1305 545 1366 584 77⁷.

320 629 437 694 susque
463 632 483 674 a
509 607 647 674 Caesare
672 628 803 693 propere
831 605 937 673 Staius
969 605 1112 672 tribunus
1143 629 1217 672 eum
1243 610 1369 676 valida

318 725 415 768 manu
433 703 552 767 ducem·
563 703 668 786 ipsum
685 710 716 766 et
733 702 892 786 proximos
915 701 1046 766 audacia
1062 700 1095 765 in
1112 701 1223 766 urbem
1242 705 1364 781 traxit,

318 798 382 874 iam
400 796 553 882 trepidam
571 794 612 861 ob
628 794 859 860 multitudinem
876 795 1074 872 familiarum,
1093 815 1174 878 quae
1192 795 1365 884 gliscebat

319 891 497 956 inmensum
514 890 633 954 minore
650 889 683 953 iu
701 889 767 953 dies
785 889 876 973 plebe
894 890 1039 974 ingenua.

268 1005 301 1054 28
384 985 491 1050 Isdem
513 982 694 1048 consulibus
719 983 914 1046 miseriarum
936 1004 973 1047 ac
996 983 1146 1048 saevitiae
1165 985 1362 1070 exemplum

320 1088 423 1155 atrox,
446 1099 519 1142 reus
542 1086 644 1162 pater,
668 1084 830 1144 accusator
850 1075 992 1140 filius—
1011 1098 1126 1140 nomeu
1147 1078 1274 1161 utrique
1293 1079 1361 1144 Vi-

320 1172 391 1238 bius
416 1170 554 1237 Serenus
576 1209 618 1218 -
640 1170 673 1234 in
696 1178 838 1236 senatum
860 1170 980 1234 inducti
1006 1179 1092 1248 sunt3
1119 1169 1159 1236 ab
1182 1171 1279 1237 exilio
1302 1196 1360 1238 re-

319 1275 436 1331 tractus
450 1264 629 1348 inluvieque
643 1285 679 1328 ac
693 1263 836 1347 squalore
846 1263 966 1330 obsitus
980 1272 1011 1328 et
1023 1273 1090 1328 tum
1103 1273 1214 1330 catena
1221 1266 1357 1333 vinetus

321 1357 437 1445 [pater]
452 1367 616 1445 perorante
629 1357 707 1423 filio:
721 1367 924 1443 praeparatus
938 1358 1122 1424 adulescens
1135 1359 1243 1424 multis
1257 1384 1356 1426 mun-

320 1453 418 1530 ditiis,
446 1453 540 1516 alacri
561 1451 664 1528 vultu,
693 1460 826 1516 structas
851 1452 985 1537 principi
1005 1453 1150 1530 insidias,
1176 1453 1295 1520 missos
1318 1456 1354 1520 in

321 1543 458 1610 Gsdliam
476 1546 647 1610 concitores
671 1544 744 1610 belli
761 1546 856 1610 index
873 1546 957 1610 idem
975 1555 1006 1610 et
1023 1547 1112 1611 testis
1130 1547 1270 1626 dicebat,
1295 1551 1353 1614 ad-

318 1637 524 1722 nectebatque
539 1637 712 1703 Caecilium
726 1637 901 1704 Cornutum
913 1640 1103 1724 praetorium
1120 1641 1352 1708 ministravisse

317 1730 499 1816 pecuniam
529 1733 583 1815 qui
609 1732 712 1797 taedio
743 1755 902 1811 curarum,
934 1743 966 1798 et
990 1734 1065 1818 quia
1089 1734 1266 1819 periculum
1294 1759 1352 1822 pro

319 1825 414 1890 exitio
432 1824 619 1903 habebatur,
642 1835 774 1891 mortem
791 1828 824 1891 in
842 1849 877 1893 se
898 1827 1067 1893 festinavit.
1095 1839 1127 1893 at
1145 1839 1254 1895 contra
1275 1853 1350 1897 reus

319 1919 396 1984 nihil
421 1918 553 1986 infracto
580 1920 683 1986 auimo
710 1920 861 1990 obversus
887 1923 920 1986 in
945 1922 1044 1986 lilium
1074 1932 1203 2006 quatere
1232 1924 1346 2002 vincla,

320 2035 432 2078 vocare
459 2013 573 2084 ultores
600 2015 690 2091 deos,
717 2023 753 2078 ut
778 2014 839 2080 sibi
865 2016 992 2098 quidem
1018 2016 1182 2081 redderent
1208 2018 1346 2096 exilium,

318 2106 374 2174 ubi
391 2108 500 2192 procul
518 2108 573 2172 tali
590 2130 676 2173 more
694 2117 809 2194 ageret,
827 2108 926 2173 filium
944 2117 1048 2172 autem
1065 2109 1255 2193 quandoque
1274 2133 1348 2197 sup-

235 2213 247 2263 ]
319 2200 413 2284 plicia
431 2211 648 2285 sequerentur3
671 2201 937 2285 adseverabatque
954 2202 1151 2268 innocentem
1170 2201 1347 2268 Cornutum

320 2303 351 2357 et
368 2294 450 2358 falsa
460 2296 661 2372 exterritum,
680 2295 775 2378 idque
792 2295 884 2361 facile
901 2295 1076 2374 intellectu,
1097 2297 1125 2362 si
1141 2298 1348 2382 proderentur

320 2385 385 2450 alii:
403 2409 467 2451 nou
485 2388 568 2453 enim
586 2409 620 2452 se
638 2389 766 2454 caedem
778 2389 928 2474 principis
946 2399 977 2454 et
993 2411 1044 2455 res
1062 2412 1161 2456 novas
1178 2414 1243 2459 uuo
1262 2394 1347 2458 socio

320 2480 485 2564 cogitasse.

267 2589 298 2636 29
383 2573 466 2638 Tum
492 2585 655 2642 accusator
677 2577 736 2646 Cu.
759 2578 933 2644 Lentulum
959 2590 991 2645 et
1013 2579 1122 2646 Seium
1145 2580 1348 2647 Tuberonem

317 2667 470 2744 nominat,
488 2692 604 2754 magno
622 2672 741 2754 pudore
760 2671 920 2751 Caesaris,
940 2697 1013 2739 cum
1029 2675 1181 2759 primores
1201 2676 1346 2753 civitatis,

317 2759 417 2824 intimi
434 2761 533 2846 ipsius
552 2764 653 2842 amici,
672 2765 829 2832 Lentulus
844 2768 1012 2834 senectutis
1031 2777 1198 2846 extremae,
1218 2769 1347 2834 Tubero

317 2853 440 2920 defecto
453 2877 591 2942 corpore,
607 2859 758 2924 tumultus
772 2860 893 2926 hostilis
908 2870 940 2926 et
953 2861 1124 2927 turbandae
1141 2862 1347 2947 reipublicae

317 2959 561 3028 aecer-serentum
586 2951 642 3016 sed
663 2953 697 3016 hi
718 2954 845 3036 quidem
867 2955 973 3019 statim
995 2955 1146 3040 exempti:
1168 2956 1202 3020 in
1224 2965 1347 3040 patrem

317 3062 357 3105 ex
376 3044 473 3110 servis
497 3046 687 3128 quaesitum,
710 3056 742 3112 et
764 3048 905 3130 quaestio
924 3049 1057 3114 adversa
1079 3050 1254 3115 accusatori
1270 3049 1346 3128 fuit3

316 3136 371 3219 qui
390 3138 505 3204 scelere
523 3162 646 3218 vecors,
671 3141 764 3206 simul
785 3141 872 3228 vulgi
893 3165 1016 3208 rumore
1039 3144 1177 3221 territus,
1200 3145 1297 3209 robur
1314 3153 1347 3208 et

317 3252 428 3295 saxum
447 3242 501 3297 aut
517 3235 742 3318 parricidarum
759 3258 877 3320 poenas
896 3237 1119 3316 minitantium,
1144 3238 1239 3302 cessit
1256 3238 1345 3315 urbe,

316 3344 353 3386 ac
368 3333 520 3389 retractus
538 3325 691 3392 Ravenna
708 3330 838 3412 exsequi
860 3331 1091 3396 accusati0nem‘
1108 3330 1258 3416 adigitur,
1281 3353 1347 3396 non

316 3415 490 3482 occultante
513 3417 640 3484 Tiberio
662 3428 751 3485 vetus
779 3423 886 3486 odium
908 3424 1076 3490 adversum
1102 3425 1229 3489 exulem
1252 3421 1347 3490 Sere-

314 3527 399 3570 num.
422 3529 496 3572 uam
512 3519 586 3592 post
607 3511 788 3578 damnatum
804 3514 964 3582 Libonem
985 3518 1091 3583 missis
1113 3517 1154 3582 ad
1173 3516 1345 3584 Caesarem

314 3599 424 3665 litteris
451 3602 692 3686 exprobraverat
719 3629 811 3672 suum
837 3619 959 3675 tantum
986 3611 1125 3676 studium
1147 3611 1217 3676 siue
1237 3610 1346 3677 fructu

314 3692 428 3772 fuisse,
454 3696 678 3782 addideratque
703 3702 858 3783 quaedam
886 3704 1100 3770 contumacius
1122 3726 1219 3789 quam
1241 3713 1345 3770 buum

315 3787 400 3874 apud
425 3812 516 3856 aures
543 3793 693 3876 superbas
720 3804 752 3859 et
773 3796 938 3862 offensioni
959 3797 1131 3883 proniores.
1163 3820 1202 3864 ea
1224 3796 1346 3864 Caesar

314 3891 384 3948 octo
406 3893 478 3968 post
499 3908 597 3951 annos
619 3888 749 3966 rettulit,
776 3890 914 3954 medium
941 3899 1065 3976 tempus
1087 3892 1173 3958 varie
1196 3914 1344 3978 arguens,

314 3975 437 4041 etiamsi
454 3987 607 4046 tormenta
623 3982 798 4067 pervicacia
809 4005 978 4049 servorum
996 3995 1104 4052 contra
1122 3986 1312 4053 evenissent

263 4084 296 4132 so
377 4067 481 4135 Dictis
503 4072 577 4142 dein
599 4075 759 4142 sententiis
777 4085 817 4148 ¹ut
836 4074 975 4154 Serenus
997 4101 1084 4146 more
1107 4080 1262 4145 maiorum
1284 4101 1345 4164 pu·

314 4158 439 4238 uitetur,
458 4184 521 4246 quo
539 4167 672 4234 molliret
689 4168 848 4249 invidiam,
866 4171 1050 4240 intercessit.
1075 4171 1189 4240 Gallus
1206 4171 1343 4240 Asinius
