<?xml version="1.0" encoding="UTF-8"?>
<!DOCTYPE html PUBLIC "-//W3C//DTD XHTML 1.0 Transitional//EN"
    "http://www.w3.org/TR/xhtml1/DTD/xhtml1-transitional.dtd">
<html xmlns="http://www.w3.org/1999/xhtml" xml:lang="en" lang="en">
 <head>
  <title>
</title>
<meta http-equiv="Content-Type" content="text/html;charset=utf-8" />
  <meta name='ocr-system' content='tesseract 3.04.00' />
  <meta name='ocr-capabilities' content='ocr_page ocr_carea ocr_par ocr_line ocrx_word'/>
</head>
<body>
  <div class='ocr_page' id='page_1' title='image "./corneliitacitio00haasgoog_0283.png"; bbox 0 0 3042 4956; ppageno 0'>
   <div class='ocr_carea' id='block_1_1' title="bbox 333 469 1010 537">
    <p class='ocr_par' dir='ltr' id='par_1_1' title="bbox 333 469 1010 537">
     <span class='ocr_line' id='line_1_1' title="bbox 333 469 1010 537; baseline 0 -1"><span class='ocrx_word' id='word_1_1' title='bbox 333 469 398 536; x_wconf 78' lang='lat'><strong>206</strong></span> <span class='ocrx_word' id='word_1_2' title='bbox 682 478 866 537; x_wconf 86' lang='lat' dir='ltr'>CORNELII</span> <span class='ocrx_word' id='word_1_3' title='bbox 878 479 1010 536; x_wconf 81' lang='lat' dir='ltr'><strong>TAOlTI</strong></span> 
     </span>
    </p>
   </div>
   <div class='ocr_carea' id='block_1_2' title="bbox 277 575 1366 4298">
    <p class='ocr_par' dir='ltr' id='par_1_2' title="bbox 329 575 1366 823">
     <span class='ocr_line' id='line_1_2' title="bbox 1250 575 1366 615; baseline 0.026 -3"><span class='ocrx_word' id='word_1_4' title='bbox 1250 575 1366 615; x_wconf 69' lang='lat' dir='ltr'><strong>anm.</strong></span> 
     </span>
     <span class='ocr_line' id='line_1_3' title="bbox 330 637 1362 720; baseline -0.001 -13"><span class='ocrx_word' id='word_1_5' title='bbox 330 639 485 718; x_wconf 77' lang='lat' dir='ltr'><strong>meabant,</strong></span> <span class='ocrx_word' id='word_1_6' title='bbox 504 639 536 704; x_wconf 92' lang='lat' dir='ltr'><strong>in</strong></span> <span class='ocrx_word' id='word_1_7' title='bbox 549 638 640 703; x_wconf 89' lang='lat' dir='ltr'><strong>litora</strong></span> <span class='ocrx_word' id='word_1_8' title='bbox 653 637 828 702; x_wconf 79' lang='lat' dir='ltr'><strong>Taurorum</strong></span> <span class='ocrx_word' id='word_1_9' title='bbox 842 637 960 703; x_wconf 88' lang='lat' dir='ltr'><strong>delatas</strong></span> <span class='ocrx_word' id='word_1_10' title='bbox 974 639 1204 706; x_wconf 81' lang='lat' dir='ltr'>circumvenere</span> <span class='ocrx_word' id='word_1_11' title='bbox 1223 637 1362 720; x_wconf 85' lang='lat' dir='ltr'><strong>barbari,</strong></span> 
     </span>
     <span class='ocr_line' id='line_1_4' title="bbox 329 731 1277 823; baseline -0.003 -22"><span class='ocrx_word' id='word_1_12' title='bbox 329 736 489 823; x_wconf 81' lang='lat' dir='ltr'><strong>praelecto</strong></span> <span class='ocrx_word' id='word_1_13' title='bbox 507 732 641 798; x_wconf 78' lang='lat' dir='ltr'>cohortis</span> <span class='ocrx_word' id='word_1_14' title='bbox 660 741 690 796; x_wconf 88' lang='lat' dir='ltr'><strong>ct</strong></span> <span class='ocrx_word' id='word_1_15' title='bbox 707 731 863 816; x_wconf 87' lang='lat' dir='ltr'><strong>plerisque</strong></span> <span class='ocrx_word' id='word_1_16' title='bbox 881 733 1075 796; x_wconf 72' lang='lat' dir='ltr'><strong>auxiliarium</strong></span> <span class='ocrx_word' id='word_1_17' title='bbox 1093 733 1277 799; x_wconf 81' lang='lat' dir='ltr'><strong>intersectis.</strong></span> 
     </span>
    </p>

    <p class='ocr_par' dir='ltr' id='par_1_3' title="bbox 282 825 1362 1830">
     <span class='ocr_line' id='line_1_5' title="bbox 282 825 1362 904; baseline -0.002 -8"><span class='ocrx_word' id='word_1_18' title='bbox 282 847 312 896; x_wconf 86' lang='lat'><strong>18</strong></span> <span class='ocrx_word' id='word_1_19' title='bbox 393 829 518 894; x_wconf 83' lang='lat' dir='ltr'><strong>Interea</strong></span> <span class='ocrx_word' id='word_1_20' title='bbox 534 826 748 902; x_wconf 78' lang='lat' dir='ltr'><strong>Mithridates,</strong></span> <span class='ocrx_word' id='word_1_21' title='bbox 767 825 851 890; x_wconf 93' lang='lat' dir='ltr'><strong>nullo</strong></span> <span class='ocrx_word' id='word_1_22' title='bbox 868 827 902 890; x_wconf 93' lang='lat' dir='ltr'><strong>in</strong></span> <span class='ocrx_word' id='word_1_23' title='bbox 919 827 1013 892; x_wconf 88' lang='lat' dir='ltr'><strong>armis</strong></span> <span class='ocrx_word' id='word_1_24' title='bbox 1033 826 1182 904; x_wconf 90' lang='lat' dir='ltr'><strong>subsidio,</strong></span> <span class='ocrx_word' id='word_1_25' title='bbox 1202 828 1362 894; x_wconf 82' lang='lat' dir='ltr'><strong>consultat</strong></span> 
     </span>
     <span class='ocr_line' id='line_1_6' title="bbox 330 919 1359 1006; baseline -0.003 -17"><span class='ocrx_word' id='word_1_26' title='bbox 330 925 419 989; x_wconf 91' lang='lat' dir='ltr'><strong>cuius</strong></span> <span class='ocrx_word' id='word_1_27' title='bbox 429 921 672 988; x_wconf 87' lang='lat' dir='ltr'><strong>misericordiam</strong></span> <span class='ocrx_word' id='word_1_28' title='bbox 681 920 883 1004; x_wconf 85' lang='lat' dir='ltr'><strong>experiretur:</strong></span> <span class='ocrx_word' id='word_1_29' title='bbox 898 920 995 984; x_wconf 85' lang='lat' dir='ltr'><strong>frater</strong></span> <span class='ocrx_word' id='word_1_30' title='bbox 1004 919 1113 1006; x_wconf 86' lang='lat' dir='ltr'><strong>Cotys,</strong></span> <span class='ocrx_word' id='word_1_31' title='bbox 1123 921 1265 1006; x_wconf 88' lang='lat' dir='ltr'><strong>proditor</strong></span> <span class='ocrx_word' id='word_1_32' title='bbox 1273 922 1359 998; x_wconf 91' lang='lat' dir='ltr'><strong>olim,</strong></span> 
     </span>
     <span class='ocr_line' id='line_1_7' title="bbox 330 1012 1361 1092; baseline -0.004 -9"><span class='ocrx_word' id='word_1_33' title='bbox 330 1018 442 1083; x_wconf 91' lang='lat' dir='ltr'><strong>deindo</strong></span> <span class='ocrx_word' id='word_1_34' title='bbox 460 1016 573 1092; x_wconf 85' lang='lat' dir='ltr'><strong>hostia,</strong></span> <span class='ocrx_word' id='word_1_35' title='bbox 596 1012 805 1091; x_wconf 82' lang='lat' dir='ltr'><strong>metuebatur3</strong></span> <span class='ocrx_word' id='word_1_36' title='bbox 827 1013 1041 1078; x_wconf 83' lang='lat' dir='ltr'><strong>Romanorum</strong></span> <span class='ocrx_word' id='word_1_37' title='bbox 1063 1036 1155 1079; x_wconf 90' lang='lat' dir='ltr'><strong>nemo</strong></span> <span class='ocrx_word' id='word_1_38' title='bbox 1173 1015 1207 1079; x_wconf 93' lang='lat' dir='ltr'><strong>id</strong></span> <span class='ocrx_word' id='word_1_39' title='bbox 1225 1016 1361 1080; x_wconf 87' lang='lat' dir='ltr'><strong>auotori-</strong></span> 
     </span>
     <span class='ocr_line' id='line_1_8' title="bbox 330 1107 1361 1193; baseline -0.004 -16"><span class='ocrx_word' id='word_1_40' title='bbox 330 1112 402 1177; x_wconf 88' lang='lat' dir='ltr'><strong>tatis</strong></span> <span class='ocrx_word' id='word_1_41' title='bbox 421 1111 541 1187; x_wconf 86' lang='lat' dir='ltr'><strong>oderat,</strong></span> <span class='ocrx_word' id='word_1_42' title='bbox 560 1118 595 1172; x_wconf 88' lang='lat' dir='ltr'><strong>ut</strong></span> <span class='ocrx_word' id='word_1_43' title='bbox 610 1107 765 1193; x_wconf 89' lang='lat' dir='ltr'><strong>promissa</strong></span> <span class='ocrx_word' id='word_1_44' title='bbox 783 1107 849 1172; x_wconf 91' lang='lat' dir='ltr'><strong>eius</strong></span> <span class='ocrx_word' id='word_1_45' title='bbox 867 1107 973 1193; x_wconf 88' lang='lat' dir='ltr'><strong>magni</strong></span> <span class='ocrx_word' id='word_1_46' title='bbox 991 1107 1213 1192; x_wconf 81' lang='lat' dir='ltr'><strong>penderenturt</strong></span> <span class='ocrx_word' id='word_1_47' title='bbox 1233 1109 1275 1173; x_wconf 85' lang='lat' dir='ltr'><strong>ad</strong></span> <span class='ocrx_word' id='word_1_48' title='bbox 1291 1108 1361 1173; x_wconf 88' lang='lat' dir='ltr'><strong>Eu-</strong></span> 
     </span>
     <span class='ocr_line' id='line_1_9' title="bbox 330 1200 1361 1286; baseline -0.005 -16"><span class='ocrx_word' id='word_1_49' title='bbox 330 1227 433 1270; x_wconf 88' lang='lat' dir='ltr'><strong>nonen</strong></span> <span class='ocrx_word' id='word_1_50' title='bbox 447 1203 607 1280; x_wconf 87' lang='lat' dir='ltr'><strong>eonvertit,</strong></span> <span class='ocrx_word' id='word_1_51' title='bbox 625 1200 758 1286; x_wconf 90' lang='lat' dir='ltr'><strong>propriis</strong></span> <span class='ocrx_word' id='word_1_52' title='bbox 771 1201 851 1265; x_wconf 89' lang='lat' dir='ltr'><strong>odiis</strong></span> <span class='ocrx_word' id='word_1_53' title='bbox 864 1223 927 1265; x_wconf 91' lang='lat' dir='ltr'><strong>non</strong></span> <span class='ocrx_word' id='word_1_54' title='bbox 941 1201 1099 1274; x_wconf 85' lang='lat' dir='ltr'><strong>infensum</strong></span> <span class='ocrx_word' id='word_1_55' title='bbox 1117 1211 1148 1266; x_wconf 90' lang='lat' dir='ltr'><strong>et</strong></span> <span class='ocrx_word' id='word_1_56' title='bbox 1160 1223 1271 1268; x_wconf 88' lang='lat' dir='ltr'><strong>reeens</strong></span> <span class='ocrx_word' id='word_1_57' title='bbox 1285 1224 1361 1268; x_wconf 90' lang='lat' dir='ltr'><strong>eon-</strong></span> 
     </span>
     <span class='ocr_line' id='line_1_10' title="bbox 329 1295 1360 1382; baseline -0.003 -18"><span class='ocrx_word' id='word_1_58' title='bbox 329 1301 435 1364; x_wconf 89' lang='lat' dir='ltr'><strong>iunota</strong></span> <span class='ocrx_word' id='word_1_59' title='bbox 457 1297 620 1362; x_wconf 91' lang='lat' dir='ltr'><strong>nobiscum</strong></span> <span class='ocrx_word' id='word_1_60' title='bbox 642 1295 779 1360; x_wconf 86' lang='lat' dir='ltr'><strong>amicitia</strong></span> <span class='ocrx_word' id='word_1_61' title='bbox 800 1295 948 1360; x_wconf 80' lang='lat' dir='ltr'><strong>validum.</strong></span> <span class='ocrx_word' id='word_1_62' title='bbox 980 1295 1075 1382; x_wconf 88' lang='lat' dir='ltr'><strong>igitur</strong></span> <span class='ocrx_word' id='word_1_63' title='bbox 1097 1295 1183 1360; x_wconf 87' lang='lat' dir='ltr'><strong>cultu</strong></span> <span class='ocrx_word' id='word_1_64' title='bbox 1205 1295 1360 1380; x_wconf 83' lang='lat' dir='ltr'><strong>vultuque</strong></span> 
     </span>
     <span class='ocr_line' id='line_1_11' title="bbox 329 1389 1360 1476; baseline -0.003 -20"><span class='ocrx_word' id='word_1_65' title='bbox 329 1415 423 1476; x_wconf 90' lang='lat' dir='ltr'><strong>quam</strong></span> <span class='ocrx_word' id='word_1_66' title='bbox 441 1391 576 1456; x_wconf 87' lang='lat' dir='ltr'><strong>maxime</strong></span> <span class='ocrx_word' id='word_1_67' title='bbox 594 1389 634 1454; x_wconf 89' lang='lat' dir='ltr'><strong>ad</strong></span> <span class='ocrx_word' id='word_1_68' title='bbox 651 1397 847 1474; x_wconf 86' lang='lat' dir='ltr'><strong>praesentem</strong></span> <span class='ocrx_word' id='word_1_69' title='bbox 865 1389 1021 1453; x_wconf 84' lang='lat' dir='ltr'><strong>l&#39;ortunanr</strong></span> <span class='ocrx_word' id='word_1_70' title='bbox 1039 1397 1218 1474; x_wconf 89' lang='lat' dir='ltr'><strong>comparato</strong></span> <span class='ocrx_word' id='word_1_71' title='bbox 1237 1389 1360 1476; x_wconf 84' lang='lat' dir='ltr'><strong>regiam</strong></span> 
     </span>
     <span class='ocr_line' id='line_1_12' title="bbox 328 1483 1360 1572; baseline -0.005 -21"><span class='ocrx_word' id='word_1_72' title='bbox 328 1487 514 1572; x_wconf 83' lang='lat' dir='ltr'><strong>ingreditur,</strong></span> <span class='ocrx_word' id='word_1_73' title='bbox 537 1483 732 1571; x_wconf 84' lang='lat' dir='ltr'><strong>genibusque</strong></span> <span class='ocrx_word' id='word_1_74' title='bbox 756 1483 822 1547; x_wconf 89' lang='lat' dir='ltr'><strong>eius</strong></span> <span class='ocrx_word' id='word_1_75' title='bbox 845 1483 1027 1570; x_wconf 88' lang='lat' dir='ltr'><strong>provolutus</strong></span> <span class='ocrx_word' id='word_1_76' title='bbox 1047 1483 1293 1563; x_wconf 88' lang='lat' dir='ltr'><strong>„Mithridates“</strong></span> <span class='ocrx_word' id='word_1_77' title='bbox 1313 1484 1360 1547; x_wconf 90' lang='lat' dir='ltr'><strong>in-</strong></span> 
     </span>
     <span class='ocr_line' id='line_1_13' title="bbox 328 1575 1359 1663; baseline -0.003 -20"><span class='ocrx_word' id='word_1_78' title='bbox 328 1581 396 1662; x_wconf 86' lang='lat' dir='ltr'><strong>quit</strong></span> <span class='ocrx_word' id='word_1_79' title='bbox 411 1589 512 1657; x_wconf 87' lang='lat' dir='ltr'><strong>„terra</strong></span> <span class='ocrx_word' id='word_1_80' title='bbox 524 1577 663 1660; x_wconf 89' lang='lat' dir='ltr'><strong>marique</strong></span> <span class='ocrx_word' id='word_1_81' title='bbox 673 1575 824 1640; x_wconf 83' lang='lat' dir='ltr'><strong>Romanis</strong></span> <span class='ocrx_word' id='word_1_82' title='bbox 839 1599 895 1663; x_wconf 91' lang='lat' dir='ltr'><strong>per</strong></span> <span class='ocrx_word' id='word_1_83' title='bbox 907 1587 953 1642; x_wconf 92' lang='lat' dir='ltr'><strong>tot</strong></span> <span class='ocrx_word' id='word_1_84' title='bbox 966 1601 1064 1642; x_wconf 90' lang='lat' dir='ltr'><strong>annos</strong></span> <span class='ocrx_word' id='word_1_85' title='bbox 1074 1576 1235 1662; x_wconf 86' lang='lat' dir='ltr'><strong>quaesitus</strong></span> <span class='ocrx_word' id='word_1_86' title='bbox 1246 1588 1359 1663; x_wconf 90' lang='lat' dir='ltr'><strong>sponte</strong></span> 
     </span>
     <span class='ocr_line' id='line_1_14' title="bbox 328 1669 1359 1757; baseline -0.004 -19"><span class='ocrx_word' id='word_1_87' title='bbox 328 1673 453 1738; x_wconf 84' lang='lat' dir='ltr'><strong>adsum:</strong></span> <span class='ocrx_word' id='word_1_88' title='bbox 476 1680 577 1747; x_wconf 90' lang='lat' dir='ltr'><strong>utere,</strong></span> <span class='ocrx_word' id='word_1_89' title='bbox 600 1680 636 1733; x_wconf 91' lang='lat' dir='ltr'><strong>ut</strong></span> <span class='ocrx_word' id='word_1_90' title='bbox 658 1670 760 1746; x_wconf 85' lang='lat' dir='ltr'><strong>voles,</strong></span> <span class='ocrx_word' id='word_1_91' title='bbox 783 1671 870 1755; x_wconf 90' lang='lat' dir='ltr'><strong>prole</strong></span> <span class='ocrx_word' id='word_1_92' title='bbox 892 1671 999 1757; x_wconf 88' lang='lat' dir='ltr'><strong>magni</strong></span> <span class='ocrx_word' id='word_1_93' title='bbox 1023 1669 1249 1749; x_wconf 85' lang='lat' dir='ltr'><strong>Achaemenis,</strong></span> <span class='ocrx_word' id='word_1_94' title='bbox 1273 1671 1359 1755; x_wconf 91' lang='lat' dir='ltr'><strong>quod</strong></span> 
     </span>
     <span class='ocr_line' id='line_1_15' title="bbox 328 1763 974 1830; baseline -0.003 0"><span class='ocrx_word' id='word_1_95' title='bbox 328 1766 405 1830; x_wconf 89' lang='lat' dir='ltr'><strong>mihi</strong></span> <span class='ocrx_word' id='word_1_96' title='bbox 423 1764 525 1830; x_wconf 89' lang='lat' dir='ltr'><strong>solum</strong></span> <span class='ocrx_word' id='word_1_97' title='bbox 541 1765 648 1829; x_wconf 88' lang='lat' dir='ltr'><strong>hostes</strong></span> <span class='ocrx_word' id='word_1_98' title='bbox 667 1786 729 1827; x_wconf 92' lang='lat' dir='ltr'><strong>non</strong></span> <span class='ocrx_word' id='word_1_99' title='bbox 748 1763 974 1829; x_wconf 84' lang='lat' dir='ltr'><strong>abstulerunt.“</strong></span> 
     </span>
    </p>

    <p class='ocr_par' dir='ltr' id='par_1_4' title="bbox 279 1847 1360 2890">
     <span class='ocr_line' id='line_1_16' title="bbox 279 1847 1358 1943; baseline -0.005 -15"><span class='ocrx_word' id='word_1_100' title='bbox 279 1881 309 1930; x_wconf 83' lang='lat' dir='ltr'><strong>ro</strong></span> <span class='ocrx_word' id='word_1_101' title='bbox 391 1862 438 1924; x_wconf 90' lang='lat' dir='ltr'><strong>At</strong></span> <span class='ocrx_word' id='word_1_102' title='bbox 450 1859 600 1924; x_wconf 83' lang='lat' dir='ltr'><strong>Eunones</strong></span> <span class='ocrx_word' id='word_1_103' title='bbox 619 1847 801 1922; x_wconf 79' lang='lat' dir='ltr'><strong>claritudine</strong></span> <span class='ocrx_word' id='word_1_104' title='bbox 819 1859 887 1937; x_wconf 83' lang='lat' dir='ltr'><strong>viri,</strong></span> <span class='ocrx_word' id='word_1_105' title='bbox 906 1859 1077 1924; x_wconf 88' lang='lat' dir='ltr'><strong>mutatione</strong></span> <span class='ocrx_word' id='word_1_106' title='bbox 1093 1880 1197 1923; x_wconf 89' lang='lat' dir='ltr'><strong>rerum</strong></span> <span class='ocrx_word' id='word_1_107' title='bbox 1216 1866 1249 1922; x_wconf 90' lang='lat' dir='ltr'><strong>et</strong></span> <span class='ocrx_word' id='word_1_108' title='bbox 1265 1879 1358 1943; x_wconf 89' lang='lat' dir='ltr'><strong>prece</strong></span> 
     </span>
     <span class='ocr_line' id='line_1_17' title="bbox 327 1952 1360 2042; baseline -0.005 -22"><span class='ocrx_word' id='word_1_109' title='bbox 327 1956 413 2020; x_wconf 89' lang='lat' dir='ltr'><strong>haud</strong></span> <span class='ocrx_word' id='word_1_110' title='bbox 426 1954 572 2042; x_wconf 83' lang='lat' dir='ltr'><strong>degeneri</strong></span> <span class='ocrx_word' id='word_1_111' title='bbox 582 1962 751 2038; x_wconf 88' lang='lat' dir='ltr'><strong>permotus,</strong></span> <span class='ocrx_word' id='word_1_112' title='bbox 766 1952 890 2017; x_wconf 84' lang='lat' dir='ltr'><strong>adlevat</strong></span> <span class='ocrx_word' id='word_1_113' title='bbox 904 1953 1077 2039; x_wconf 84' lang='lat' dir='ltr'><strong>supplicem</strong></span> <span class='ocrx_word' id='word_1_114' title='bbox 1090 1952 1259 2038; x_wconf 84' lang='lat' dir='ltr'><strong>laudatque</strong></span> <span class='ocrx_word' id='word_1_115' title='bbox 1273 1952 1360 2036; x_wconf 94' lang='lat' dir='ltr'><strong>quod</strong></span> 
     </span>
     <span class='ocr_line' id='line_1_18' title="bbox 328 2046 1359 2137; baseline -0.005 -22"><span class='ocrx_word' id='word_1_116' title='bbox 328 2060 455 2137; x_wconf 87' lang='lat' dir='ltr'><strong>gentem</strong></span> <span class='ocrx_word' id='word_1_117' title='bbox 477 2049 666 2124; x_wconf 89' lang='lat' dir='ltr'><strong>Aorsorum,</strong></span> <span class='ocrx_word' id='word_1_118' title='bbox 689 2046 774 2130; x_wconf 90' lang='lat' dir='ltr'><strong>quod</strong></span> <span class='ocrx_word' id='word_1_119' title='bbox 797 2069 887 2111; x_wconf 88' lang='lat' dir='ltr'><strong>suam</strong></span> <span class='ocrx_word' id='word_1_120' title='bbox 908 2048 1050 2112; x_wconf 84' lang='lat' dir='ltr'><strong>dextram</strong></span> <span class='ocrx_word' id='word_1_121' title='bbox 1071 2047 1224 2132; x_wconf 89' lang='lat' dir='ltr'><strong>petendae</strong></span> <span class='ocrx_word' id='word_1_122' title='bbox 1247 2046 1359 2110; x_wconf 81' lang='lat' dir='ltr'><strong>reniae</strong></span> 
     </span>
     <span class='ocr_line' id='line_1_19' title="bbox 329 2139 1359 2232; baseline -0.006 -24"><span class='ocrx_word' id='word_1_123' title='bbox 329 2145 489 2232; x_wconf 88' lang='lat' dir='ltr'><strong>delegerit.</strong></span> <span class='ocrx_word' id='word_1_124' title='bbox 518 2143 610 2208; x_wconf 94' lang='lat' dir='ltr'><strong>simul</strong></span> <span class='ocrx_word' id='word_1_125' title='bbox 632 2142 754 2228; x_wconf 87' lang='lat' dir='ltr'><strong>legatos</strong></span> <span class='ocrx_word' id='word_1_126' title='bbox 776 2141 957 2224; x_wconf 88' lang='lat' dir='ltr'><strong>litterasque</strong></span> <span class='ocrx_word' id='word_1_127' title='bbox 974 2142 1016 2206; x_wconf 86' lang='lat' dir='ltr'><strong>ad</strong></span> <span class='ocrx_word' id='word_1_128' title='bbox 1035 2139 1204 2206; x_wconf 83' lang='lat' dir='ltr'><strong>Caesarem</strong></span> <span class='ocrx_word' id='word_1_129' title='bbox 1222 2139 1255 2206; x_wconf 90' lang='lat' dir='ltr'><strong>in</strong></span> <span class='ocrx_word' id='word_1_130' title='bbox 1273 2139 1359 2204; x_wconf 90' lang='lat' dir='ltr'><strong>hune</strong></span> 
     </span>
     <span class='ocr_line' id='line_1_20' title="bbox 328 2234 1359 2322; baseline -0.005 -19"><span class='ocrx_word' id='word_1_131' title='bbox 328 2240 458 2304; x_wconf 92' lang='lat' dir='ltr'><strong>modum</strong></span> <span class='ocrx_word' id='word_1_132' title='bbox 480 2238 587 2302; x_wconf 91' lang='lat' dir='ltr'><strong>mittit:</strong></span> <span class='ocrx_word' id='word_1_133' title='bbox 609 2237 718 2322; x_wconf 93' lang='lat' dir='ltr'><strong>populi</strong></span> <span class='ocrx_word' id='word_1_134' title='bbox 739 2236 873 2301; x_wconf 85' lang='lat' dir='ltr'><strong>Romani</strong></span> <span class='ocrx_word' id='word_1_135' title='bbox 894 2234 1147 2320; x_wconf 87' lang='lat' dir='ltr'><strong>imperatoribus,</strong></span> <span class='ocrx_word' id='word_1_136' title='bbox 1170 2255 1359 2321; x_wconf 89' lang='lat' dir='ltr'><strong>magnarum</strong></span> 
     </span>
     <span class='ocr_line' id='line_1_21' title="bbox 316 2327 1359 2417; baseline -0.007 -20"><span class='ocrx_word' id='word_1_137' title='bbox 316 2333 488 2398; x_wconf 84' lang='lat' dir='ltr'><strong>nationum</strong></span> <span class='ocrx_word' id='word_1_138' title='bbox 506 2331 633 2417; x_wconf 89' lang='lat' dir='ltr'><strong>regibus</strong></span> <span class='ocrx_word' id='word_1_139' title='bbox 656 2331 789 2415; x_wconf 89' lang='lat' dir='ltr'><strong>primam</strong></span> <span class='ocrx_word' id='word_1_140' title='bbox 808 2352 848 2393; x_wconf 86' lang='lat' dir='ltr'><strong>ex</strong></span> <span class='ocrx_word' id='word_1_141' title='bbox 870 2329 1071 2394; x_wconf 90' lang='lat' dir='ltr'><strong>similitudine</strong></span> <span class='ocrx_word' id='word_1_142' title='bbox 1088 2329 1231 2394; x_wconf 85' lang='lat' dir='ltr'><strong>fortunae</strong></span> <span class='ocrx_word' id='word_1_143' title='bbox 1250 2327 1359 2392; x_wconf 87' lang='lat' dir='ltr'><strong>amici-</strong></span> 
     </span>
     <span class='ocr_line' id='line_1_22' title="bbox 328 2423 1357 2502; baseline -0.006 -11"><span class='ocrx_word' id='word_1_144' title='bbox 328 2428 417 2502; x_wconf 86' lang='lat' dir='ltr'><strong>tiam,</strong></span> <span class='ocrx_word' id='word_1_145' title='bbox 441 2425 549 2490; x_wconf 91' lang='lat' dir='ltr'><strong>sibiet</strong></span> <span class='ocrx_word' id='word_1_146' title='bbox 568 2423 701 2491; x_wconf 84' lang='lat' dir='ltr'><strong>Claudio</strong></span> <span class='ocrx_word' id='word_1_147' title='bbox 719 2424 814 2488; x_wconf 87' lang='lat' dir='ltr'><strong>etiarn</strong></span> <span class='ocrx_word' id='word_1_148' title='bbox 836 2424 1088 2490; x_wconf 87' lang='lat' dir='ltr'><strong>communionem</strong></span> <span class='ocrx_word' id='word_1_149' title='bbox 1104 2424 1252 2489; x_wconf 86' lang='lat' dir='ltr'><strong>victoriae</strong></span> <span class='ocrx_word' id='word_1_150' title='bbox 1271 2443 1357 2499; x_wconf 88' lang='lat' dir='ltr'><strong>essc;</strong></span> 
     </span>
     <span class='ocr_line' id='line_1_23' title="bbox 327 2517 1357 2605; baseline -0.006 -20"><span class='ocrx_word' id='word_1_151' title='bbox 327 2520 480 2585; x_wconf 87' lang='lat' dir='ltr'><strong>bellorum</strong></span> <span class='ocrx_word' id='word_1_152' title='bbox 498 2518 642 2605; x_wconf 88' lang='lat' dir='ltr'><strong>egregios</strong></span> <span class='ocrx_word' id='word_1_153' title='bbox 660 2518 753 2595; x_wconf 85' lang='lat' dir='ltr'><strong>fines,</strong></span> <span class='ocrx_word' id='word_1_154' title='bbox 777 2519 921 2601; x_wconf 89' lang='lat' dir='ltr'><strong>quotiens</strong></span> <span class='ocrx_word' id='word_1_155' title='bbox 938 2518 1131 2605; x_wconf 83' lang='lat' dir='ltr'><strong>ignoscendo</strong></span> <span class='ocrx_word' id='word_1_156' title='bbox 1149 2517 1357 2602; x_wconf 82' lang='lat' dir='ltr'><strong>transigatur3</strong></span> 
     </span>
     <span class='ocr_line' id='line_1_24' title="bbox 328 2609 1358 2699; baseline -0.005 -21"><span class='ocrx_word' id='word_1_157' title='bbox 328 2614 373 2678; x_wconf 90' lang='lat' dir='ltr'><strong>sio</strong></span> <span class='ocrx_word' id='word_1_158' title='bbox 395 2613 519 2677; x_wconf 90' lang='lat' dir='ltr'><strong>Zorsini</strong></span> <span class='ocrx_word' id='word_1_159' title='bbox 539 2612 623 2676; x_wconf 86' lang='lat' dir='ltr'><strong>vieto</strong></span> <span class='ocrx_word' id='word_1_160' title='bbox 644 2612 722 2676; x_wconf 89' lang='lat' dir='ltr'><strong>nihil</strong></span> <span class='ocrx_word' id='word_1_161' title='bbox 744 2622 898 2697; x_wconf 88' lang='lat' dir='ltr'><strong>ereptum:</strong></span> <span class='ocrx_word' id='word_1_162' title='bbox 925 2634 982 2699; x_wconf 90' lang='lat' dir='ltr'><strong>pro</strong></span> <span class='ocrx_word' id='word_1_163' title='bbox 1004 2611 1202 2688; x_wconf 86' lang='lat' dir='ltr'><strong>Mithridate,</strong></span> <span class='ocrx_word' id='word_1_164' title='bbox 1229 2609 1358 2694; x_wconf 91' lang='lat' dir='ltr'><strong>quando</strong></span> 
     </span>
     <span class='ocr_line' id='line_1_25' title="bbox 326 2703 1356 2793; baseline -0.003 -23"><span class='ocrx_word' id='word_1_165' title='bbox 326 2707 454 2792; x_wconf 84' lang='lat' dir='ltr'><strong>gravius</strong></span> <span class='ocrx_word' id='word_1_166' title='bbox 472 2715 654 2782; x_wconf 89' lang='lat' dir='ltr'><strong>mereretur,</strong></span> <span class='ocrx_word' id='word_1_167' title='bbox 677 2728 740 2770; x_wconf 92' lang='lat' dir='ltr'><strong>non</strong></span> <span class='ocrx_word' id='word_1_168' title='bbox 758 2706 930 2790; x_wconf 88' lang='lat' dir='ltr'><strong>potentiam</strong></span> <span class='ocrx_word' id='word_1_169' title='bbox 952 2728 1054 2790; x_wconf 90' lang='lat' dir='ltr'><strong>neque</strong></span> <span class='ocrx_word' id='word_1_170' title='bbox 1075 2728 1207 2793; x_wconf 88' lang='lat' dir='ltr'><strong>regnum</strong></span> <span class='ocrx_word' id='word_1_171' title='bbox 1224 2703 1356 2790; x_wconf 81' lang='lat' dir='ltr'><strong>precari,</strong></span> 
     </span>
     <span class='ocr_line' id='line_1_26' title="bbox 328 2801 1268 2890; baseline -0.002 -24"><span class='ocrx_word' id='word_1_172' title='bbox 328 2801 384 2867; x_wconf 91' lang='lat' dir='ltr'><strong>sed</strong></span> <span class='ocrx_word' id='word_1_173' title='bbox 401 2823 440 2866; x_wconf 90' lang='lat' dir='ltr'><strong>ne</strong></span> <span class='ocrx_word' id='word_1_174' title='bbox 459 2801 700 2887; x_wconf 81' lang='lat' dir='ltr'><strong>triumpharetur</strong></span> <span class='ocrx_word' id='word_1_175' title='bbox 717 2823 796 2866; x_wconf 84' lang='lat' dir='ltr'><strong>neve</strong></span> <span class='ocrx_word' id='word_1_176' title='bbox 813 2825 932 2888; x_wconf 90' lang='lat' dir='ltr'><strong>poenas</strong></span> <span class='ocrx_word' id='word_1_177' title='bbox 950 2804 1052 2890; x_wconf 90' lang='lat' dir='ltr'><strong>eapite</strong></span> <span class='ocrx_word' id='word_1_178' title='bbox 1070 2802 1268 2888; x_wconf 87' lang='lat' dir='ltr'><strong>expenderet.</strong></span> 
     </span>
    </p>

    <p class='ocr_par' dir='ltr' id='par_1_5' title="bbox 277 2893 1357 4298">
     <span class='ocr_line' id='line_1_27' title="bbox 277 2893 1355 2980; baseline -0.006 -16"><span class='ocrx_word' id='word_1_179' title='bbox 277 2915 310 2964; x_wconf 75' lang='lat' dir='ltr'><strong>to</strong></span> <span class='ocrx_word' id='word_1_180' title='bbox 392 2895 438 2961; x_wconf 86' lang='lat' dir='ltr'><strong>At</strong></span> <span class='ocrx_word' id='word_1_181' title='bbox 461 2895 629 2974; x_wconf 85' lang='lat' dir='ltr'><strong>Claudius,</strong></span> <span class='ocrx_word' id='word_1_182' title='bbox 652 2918 842 2980; x_wconf 86' lang='lat' dir='ltr'><strong>quamquam</strong></span> <span class='ocrx_word' id='word_1_183' title='bbox 864 2895 1078 2962; x_wconf 87' lang='lat' dir='ltr'><strong>nobilitatibus</strong></span> <span class='ocrx_word' id='word_1_184' title='bbox 1101 2895 1236 2961; x_wconf 86' lang='lat' dir='ltr'><strong>externis</strong></span> <span class='ocrx_word' id='word_1_185' title='bbox 1259 2893 1355 2970; x_wconf 88' lang='lat' dir='ltr'><strong>mitis,</strong></span> 
     </span>
     <span class='ocr_line' id='line_1_28' title="bbox 328 2990 1357 3077; baseline -0.005 -21"><span class='ocrx_word' id='word_1_186' title='bbox 328 2991 482 3057; x_wconf 89' lang='lat' dir='ltr'><strong>dubitavit</strong></span> <span class='ocrx_word' id='word_1_187' title='bbox 499 3000 616 3070; x_wconf 85' lang='lat' dir='ltr'><strong>tamen,</strong></span> <span class='ocrx_word' id='word_1_188' title='bbox 636 2991 776 3077; x_wconf 86' lang='lat' dir='ltr'><strong>accipere</strong></span> <span class='ocrx_word' id='word_1_189' title='bbox 794 2991 953 3076; x_wconf 84' lang='lat' dir='ltr'><strong>captivum</strong></span> <span class='ocrx_word' id='word_1_190' title='bbox 970 3000 1062 3077; x_wconf 91' lang='lat' dir='ltr'><strong>paeto</strong></span> <span class='ocrx_word' id='word_1_191' title='bbox 1081 2990 1190 3055; x_wconf 87' lang='lat' dir='ltr'><strong>salutis</strong></span> <span class='ocrx_word' id='word_1_192' title='bbox 1208 3012 1248 3053; x_wconf 89' lang='lat' dir='ltr'><strong>an</strong></span> <span class='ocrx_word' id='word_1_193' title='bbox 1267 3010 1357 3073; x_wconf 87' lang='lat' dir='ltr'><strong>repe-</strong></span> 
     </span>
     <span class='ocr_line' id='line_1_29' title="bbox 328 3081 1357 3152; baseline -0.006 -1"><span class='ocrx_word' id='word_1_194' title='bbox 328 3096 393 3152; x_wconf 90' lang='lat' dir='ltr'><strong>tere</strong></span> <span class='ocrx_word' id='word_1_195' title='bbox 415 3087 509 3152; x_wconf 90' lang='lat' dir='ltr'><strong>armis</strong></span> <span class='ocrx_word' id='word_1_196' title='bbox 535 3087 651 3152; x_wconf 88' lang='lat' dir='ltr'><strong>rectius</strong></span> <span class='ocrx_word' id='word_1_197' title='bbox 673 3086 768 3151; x_wconf 86' lang='lat' dir='ltr'><strong>soret:</strong></span> <span class='ocrx_word' id='word_1_198' title='bbox 794 3085 868 3150; x_wconf 89' lang='lat' dir='ltr'><strong>hino</strong></span> <span class='ocrx_word' id='word_1_199' title='bbox 889 3084 978 3150; x_wconf 92' lang='lat' dir='ltr'><strong>dolor</strong></span> <span class='ocrx_word' id='word_1_200' title='bbox 999 3085 1182 3149; x_wconf 90' lang='lat' dir='ltr'><strong>iniuriarum</strong></span> <span class='ocrx_word' id='word_1_201' title='bbox 1205 3091 1236 3147; x_wconf 88' lang='lat' dir='ltr'><strong>et</strong></span> <span class='ocrx_word' id='word_1_202' title='bbox 1257 3081 1357 3146; x_wconf 91' lang='lat' dir='ltr'><strong>libido</strong></span> 
     </span>
     <span class='ocr_line' id='line_1_30' title="bbox 329 3175 1357 3268; baseline -0.006 -22"><span class='ocrx_word' id='word_1_203' title='bbox 329 3181 485 3247; x_wconf 89' lang='lat' dir='ltr'><strong>vindictae</strong></span> <span class='ocrx_word' id='word_1_204' title='bbox 507 3180 668 3268; x_wconf 84' lang='lat' dir='ltr'><strong>adigebat3</strong></span> <span class='ocrx_word' id='word_1_205' title='bbox 691 3180 747 3246; x_wconf 88' lang='lat' dir='ltr'><strong>sed</strong></span> <span class='ocrx_word' id='word_1_206' title='bbox 769 3179 980 3245; x_wconf 88' lang='lat' dir='ltr'><strong>disserebatur</strong></span> <span class='ocrx_word' id='word_1_207' title='bbox 1001 3188 1122 3244; x_wconf 88' lang='lat' dir='ltr'><strong>eontra:</strong></span> <span class='ocrx_word' id='word_1_208' title='bbox 1150 3177 1267 3262; x_wconf 89' lang='lat' dir='ltr'><strong>suscipi</strong></span> <span class='ocrx_word' id='word_1_209' title='bbox 1289 3175 1357 3241; x_wconf 88' lang='lat' dir='ltr'><strong>bel-</strong></span> 
     </span>
     <span class='ocr_line' id='line_1_31' title="bbox 328 3270 1355 3360; baseline -0.004 -22"><span class='ocrx_word' id='word_1_210' title='bbox 328 3275 393 3339; x_wconf 91' lang='lat' dir='ltr'><strong>lurn</strong></span> <span class='ocrx_word' id='word_1_211' title='bbox 412 3276 482 3339; x_wconf 89' lang='lat' dir='ltr'><strong>ovio</strong></span> <span class='ocrx_word' id='word_1_212' title='bbox 504 3275 627 3351; x_wconf 88' lang='lat' dir='ltr'><strong>itinere,</strong></span> <span class='ocrx_word' id='word_1_213' title='bbox 650 3275 832 3360; x_wconf 90' lang='lat' dir='ltr'><strong>inportuoso</strong></span> <span class='ocrx_word' id='word_1_214' title='bbox 849 3274 941 3352; x_wconf 85' lang='lat' dir='ltr'><strong>mari3</strong></span> <span class='ocrx_word' id='word_1_215' title='bbox 964 3273 1005 3337; x_wconf 90' lang='lat' dir='ltr'><strong>ad</strong></span> <span class='ocrx_word' id='word_1_216' title='bbox 1026 3273 1087 3337; x_wconf 90' lang='lat' dir='ltr'><strong>hoo</strong></span> <span class='ocrx_word' id='word_1_217' title='bbox 1108 3294 1200 3358; x_wconf 89' lang='lat' dir='ltr'><strong>rogos</strong></span> <span class='ocrx_word' id='word_1_218' title='bbox 1222 3270 1355 3346; x_wconf 85' lang='lat' dir='ltr'><strong>feroces,</strong></span> 
     </span>
     <span class='ocr_line' id='line_1_32' title="bbox 327 3367 1354 3454; baseline -0.003 -23"><span class='ocrx_word' id='word_1_219' title='bbox 327 3389 426 3451; x_wconf 88' lang='lat' dir='ltr'><strong>vagos</strong></span> <span class='ocrx_word' id='word_1_220' title='bbox 440 3367 582 3452; x_wconf 91' lang='lat' dir='ltr'><strong>populos,</strong></span> <span class='ocrx_word' id='word_1_221' title='bbox 598 3368 700 3432; x_wconf 91' lang='lat' dir='ltr'><strong>solum</strong></span> <span class='ocrx_word' id='word_1_222' title='bbox 714 3367 840 3454; x_wconf 84' lang='lat' dir='ltr'><strong>frugum</strong></span> <span class='ocrx_word' id='word_1_223' title='bbox 850 3390 961 3453; x_wconf 89' lang='lat' dir='ltr'><strong>egens;</strong></span> <span class='ocrx_word' id='word_1_224' title='bbox 976 3377 1042 3432; x_wconf 86' lang='lat' dir='ltr'><strong>tum</strong></span> <span class='ocrx_word' id='word_1_225' title='bbox 1056 3367 1193 3432; x_wconf 89' lang='lat' dir='ltr'><strong>taedium</strong></span> <span class='ocrx_word' id='word_1_226' title='bbox 1207 3387 1246 3430; x_wconf 87' lang='lat' dir='ltr'><strong>ex</strong></span> <span class='ocrx_word' id='word_1_227' title='bbox 1255 3384 1354 3440; x_wconf 88' lang='lat' dir='ltr'><strong>mora,</strong></span> 
     </span>
     <span class='ocr_line' id='line_1_33' title="bbox 325 3459 1356 3544; baseline 0.001 -23"><span class='ocrx_word' id='word_1_228' title='bbox 325 3459 465 3544; x_wconf 85' lang='lat' dir='ltr'><strong>pericula</strong></span> <span class='ocrx_word' id='word_1_229' title='bbox 491 3481 530 3523; x_wconf 87' lang='lat' dir='ltr'><strong>ex</strong></span> <span class='ocrx_word' id='word_1_230' title='bbox 552 3462 763 3544; x_wconf 87' lang='lat' dir='ltr'><strong>properantia,</strong></span> <span class='ocrx_word' id='word_1_231' title='bbox 791 3462 947 3526; x_wconf 90' lang='lat' dir='ltr'><strong>modicam</strong></span> <span class='ocrx_word' id='word_1_232' title='bbox 972 3461 1143 3526; x_wconf 86' lang='lat' dir='ltr'><strong>victoribus</strong></span> <span class='ocrx_word' id='word_1_233' title='bbox 1169 3459 1296 3525; x_wconf 88' lang='lat' dir='ltr'><strong>laudem</strong></span> <span class='ocrx_word' id='word_1_234' title='bbox 1317 3480 1356 3523; x_wconf 89' lang='lat' dir='ltr'><strong>ae</strong></span> 
     </span>
     <span class='ocr_line' id='line_1_34' title="bbox 326 3551 1356 3641; baseline 0 -25"><span class='ocrx_word' id='word_1_235' title='bbox 326 3551 459 3616; x_wconf 91' lang='lat' dir='ltr'><strong>multum</strong></span> <span class='ocrx_word' id='word_1_236' title='bbox 480 3553 629 3617; x_wconf 80' lang='lat' dir='ltr'><strong>infamiae</strong></span> <span class='ocrx_word' id='word_1_237' title='bbox 652 3555 678 3618; x_wconf 91' lang='lat' dir='ltr'><strong>si</strong></span> <span class='ocrx_word' id='word_1_238' title='bbox 700 3554 901 3638; x_wconf 89' lang='lat' dir='ltr'><strong>pellerentur:</strong></span> <span class='ocrx_word' id='word_1_239' title='bbox 929 3557 1004 3640; x_wconf 91' lang='lat' dir='ltr'><strong>quin</strong></span> <span class='ocrx_word' id='word_1_240' title='bbox 1026 3556 1175 3641; x_wconf 82' lang='lat' dir='ltr'><strong>arriperet</strong></span> <span class='ocrx_word' id='word_1_241' title='bbox 1197 3551 1302 3619; x_wconf 89' lang='lat' dir='ltr'><strong>oblata</strong></span> <span class='ocrx_word' id='word_1_242' title='bbox 1324 3561 1356 3617; x_wconf 88' lang='lat' dir='ltr'><strong>et</strong></span> 
     </span>
     <span class='ocr_line' id='line_1_35' title="bbox 327 3646 1355 3736; baseline -0.002 -23"><span class='ocrx_word' id='word_1_243' title='bbox 327 3656 465 3714; x_wconf 85' lang='lat' dir='ltr'><strong>servaret</strong></span> <span class='ocrx_word' id='word_1_244' title='bbox 482 3646 619 3724; x_wconf 88' lang='lat' dir='ltr'><strong>exulem,</strong></span> <span class='ocrx_word' id='word_1_245' title='bbox 643 3648 693 3711; x_wconf 92' lang='lat' dir='ltr'><strong>eui</strong></span> <span class='ocrx_word' id='word_1_246' title='bbox 711 3647 795 3732; x_wconf 90' lang='lat' dir='ltr'><strong>inopi</strong></span> <span class='ocrx_word' id='word_1_247' title='bbox 813 3659 930 3731; x_wconf 90' lang='lat' dir='ltr'><strong>quanto</strong></span> <span class='ocrx_word' id='word_1_248' title='bbox 948 3650 1121 3736; x_wconf 89' lang='lat' dir='ltr'><strong>longiorem</strong></span> <span class='ocrx_word' id='word_1_249' title='bbox 1139 3650 1249 3726; x_wconf 88' lang='lat' dir='ltr'><strong>vitam,</strong></span> <span class='ocrx_word' id='word_1_250' title='bbox 1268 3656 1355 3712; x_wconf 88' lang='lat' dir='ltr'><strong>tanto</strong></span> 
     </span>
     <span class='ocr_line' id='line_1_36' title="bbox 326 3741 1354 3830; baseline -0.002 -23"><span class='ocrx_word' id='word_1_251' title='bbox 326 3743 397 3829; x_wconf 88' lang='lat' dir='ltr'><strong>plus</strong></span> <span class='ocrx_word' id='word_1_252' title='bbox 417 3741 560 3829; x_wconf 86' lang='lat' dir='ltr'><strong>supplicii</strong></span> <span class='ocrx_word' id='word_1_253' title='bbox 573 3741 650 3807; x_wconf 82' lang='lat' dir='ltr'><strong>iore.</strong></span> <span class='ocrx_word' id='word_1_254' title='bbox 673 3742 722 3806; x_wconf 93' lang='lat' dir='ltr'><strong>his</strong></span> <span class='ocrx_word' id='word_1_255' title='bbox 735 3752 893 3828; x_wconf 89' lang='lat' dir='ltr'><strong>permotus</strong></span> <span class='ocrx_word' id='word_1_256' title='bbox 913 3745 1037 3830; x_wconf 88' lang='lat' dir='ltr'><strong>scripsit</strong></span> <span class='ocrx_word' id='word_1_257' title='bbox 1049 3744 1190 3809; x_wconf 78' lang='lat' dir='ltr'><strong>Eunonir</strong></span> <span class='ocrx_word' id='word_1_258' title='bbox 1209 3742 1354 3806; x_wconf 89' lang='lat' dir='ltr'><strong>meritum</strong></span> 
     </span>
     <span class='ocr_line' id='line_1_37' title="bbox 326 3835 1355 3923; baseline -0.003 -21"><span class='ocrx_word' id='word_1_259' title='bbox 326 3839 454 3923; x_wconf 89' lang='lat' dir='ltr'><strong>quidem</strong></span> <span class='ocrx_word' id='word_1_260' title='bbox 475 3837 647 3904; x_wconf 88' lang='lat' dir='ltr'><strong>novissima</strong></span> <span class='ocrx_word' id='word_1_261' title='bbox 668 3837 811 3923; x_wconf 88' lang='lat' dir='ltr'><strong>exempla</strong></span> <span class='ocrx_word' id='word_1_262' title='bbox 828 3837 1046 3917; x_wconf 87' lang='lat' dir='ltr'><strong>Mithridaten,</strong></span> <span class='ocrx_word' id='word_1_263' title='bbox 1069 3861 1128 3903; x_wconf 90' lang='lat' dir='ltr'><strong>nee</strong></span> <span class='ocrx_word' id='word_1_264' title='bbox 1150 3836 1210 3903; x_wconf 91' lang='lat' dir='ltr'><strong>sibi</strong></span> <span class='ocrx_word' id='word_1_265' title='bbox 1232 3837 1296 3902; x_wconf 81' lang='lat' dir='ltr'><strong>vim</strong></span> <span class='ocrx_word' id='word_1_266' title='bbox 1313 3835 1355 3900; x_wconf 90' lang='lat' dir='ltr'><strong>ad</strong></span> 
     </span>
     <span class='ocr_line' id='line_1_38' title="bbox 327 3932 1355 4018; baseline -0.004 -21"><span class='ocrx_word' id='word_1_267' title='bbox 327 3935 544 4018; x_wconf 89' lang='lat' dir='ltr'><strong>exequendum</strong></span> <span class='ocrx_word' id='word_1_268' title='bbox 558 3933 683 4012; x_wconf 90' lang='lat' dir='ltr'><strong>deesse;</strong></span> <span class='ocrx_word' id='word_1_269' title='bbox 702 3956 810 3998; x_wconf 88' lang='lat' dir='ltr'><strong>verum</strong></span> <span class='ocrx_word' id='word_1_270' title='bbox 823 3933 868 3998; x_wconf 88' lang='lat' dir='ltr'><strong>ita</strong></span> <span class='ocrx_word' id='word_1_271' title='bbox 880 3933 1050 3998; x_wconf 87' lang='lat' dir='ltr'><strong>maioribus</strong></span> <span class='ocrx_word' id='word_1_272' title='bbox 1064 3932 1223 4018; x_wconf 89' lang='lat' dir='ltr'><strong>placitum,</strong></span> <span class='ocrx_word' id='word_1_273' title='bbox 1237 3940 1355 4014; x_wconf 87' lang='lat' dir='ltr'><strong>quanta</strong></span> 
     </span>
     <span class='ocr_line' id='line_1_39' title="bbox 326 4023 1355 4112; baseline -0.006 -20"><span class='ocrx_word' id='word_1_274' title='bbox 326 4028 501 4112; x_wconf 87' lang='lat' dir='ltr'><strong>pervicacia</strong></span> <span class='ocrx_word' id='word_1_275' title='bbox 522 4029 556 4093; x_wconf 90' lang='lat' dir='ltr'><strong>in</strong></span> <span class='ocrx_word' id='word_1_276' title='bbox 572 4028 709 4107; x_wconf 88' lang='lat' dir='ltr'><strong>hostem,</strong></span> <span class='ocrx_word' id='word_1_277' title='bbox 732 4037 819 4094; x_wconf 89' lang='lat' dir='ltr'><strong>tanta</strong></span> <span class='ocrx_word' id='word_1_278' title='bbox 839 4028 1044 4094; x_wconf 87' lang='lat' dir='ltr'><strong>beneficentia</strong></span> <span class='ocrx_word' id='word_1_279' title='bbox 1065 4027 1217 4092; x_wconf 88' lang='lat' dir='ltr'><strong>adversus</strong></span> <span class='ocrx_word' id='word_1_280' title='bbox 1235 4023 1355 4111; x_wconf 89' lang='lat' dir='ltr'><strong>suppli-</strong></span> 
     </span>
     <span class='ocr_line' id='line_1_40' title="bbox 326 4119 1355 4228; baseline -0.002 -44"><span class='ocrx_word' id='word_1_281' title='bbox 326 4141 378 4228; x_wconf 80' lang='lat' dir='ltr'><strong>ces</strong></span> <span class='ocrx_word' id='word_1_282' title='bbox 396 4123 562 4187; x_wconf 85' lang='lat' dir='ltr'><strong>utendum:</strong></span> <span class='ocrx_word' id='word_1_283' title='bbox 584 4146 658 4188; x_wconf 90' lang='lat' dir='ltr'><strong>nam</strong></span> <span class='ocrx_word' id='word_1_284' title='bbox 681 4123 854 4211; x_wconf 85' lang='lat' dir='ltr'><strong>triumphos</strong></span> <span class='ocrx_word' id='word_1_285' title='bbox 876 4124 916 4190; x_wconf 90' lang='lat' dir='ltr'><strong>de</strong></span> <span class='ocrx_word' id='word_1_286' title='bbox 937 4123 1061 4211; x_wconf 88' lang='lat' dir='ltr'><strong>populis</strong></span> <span class='ocrx_word' id='word_1_287' title='bbox 1083 4121 1253 4208; x_wconf 86' lang='lat' dir='ltr'><strong>regnisque</strong></span> <span class='ocrx_word' id='word_1_288' title='bbox 1274 4119 1355 4183; x_wconf 85' lang='lat' dir='ltr'><strong>into-</strong></span> 
     </span>
     <span class='ocr_line' id='line_1_41' title="bbox 325 4235 536 4298; baseline 0.005 -20"><span class='ocrx_word' id='word_1_289' title='bbox 325 4235 390 4298; x_wconf 86' lang='lat' dir='ltr'><strong>gns</strong></span> <span class='ocrx_word' id='word_1_290' title='bbox 409 4235 536 4298; x_wconf 87' lang='lat' dir='ltr'><strong>acann.</strong></span> 
     </span>
    </p>
   </div>
   <div class='ocr_carea' id='block_1_3' title="bbox 0 0 1526 4956">
    <p class='ocr_par' dir='ltr' id='par_1_6' title="bbox 0 0 1526 4956">
     <span class='ocr_line' id='line_1_42' title="bbox 0 0 1526 4956; baseline 0 2"><span class='ocrx_word' id='word_1_291' title='bbox 0 0 1526 4956; x_wconf 95' lang='lat' dir='ltr'><strong> </strong></span> 
     </span>
    </p>
   </div>
  </div>
 </body>
</html>
