2958 4960
339 455 381 524 58
689 464 872 522 conuunu
885 463 1016 522 nactur

1259 568 1279 598 ι.
1290 570 1312 598 u.
1323 561 1363 602 tea.

339 649 413 712 ceps
440 623 606 690 duodecim
632 621 814 686 candidatos
835 621 869 686 in
891 644 990 688 annos
1014 622 1155 710 singulos
1182 625 1365 692 nominaret.

338 721 423 786 haud
440 716 571 785 dubium
593 726 659 782 erat
677 738 747 781 eam
770 717 956 781 sententiam
977 717 1070 783 altius
1088 727 1252 804 penetrare
1270 730 1303 784 et
1319 744 1368 786 ar-

338 837 417 880 cana
437 812 559 899 imperii
581 809 741 896 temptari;
767 808 914 874 Tiberius
937 819 1055 889 tamen,
1082 812 1173 895 quasi
1198 823 1368 899 augeretur

338 917 476 996 potestas
489 907 567 983 eius,
586 904 745 971 disseruit:
764 925 860 988 grave
873 904 1078 969 moderationi
1091 927 1166 970 suae
1180 915 1227 971 tot
1239 906 1365 992 eligere,

339 1011 385 1068 tot
410 1001 549 1079 differre3
581 998 636 1064 vix
660 1019 717 1083 per
743 996 884 1082 singulos
911 1019 1011 1067 annos
1041 998 1231 1064 offensiones
1263 1001 1365 1072 vitari,

338 1095 481 1179 quamvis
503 1092 661 1179 repulsam
678 1090 854 1177 propinqua
876 1112 949 1176 spes
973 1092 1104 1156 soleturr
1126 1103 1280 1176 quantum
1302 1093 1365 1159 cdii

338 1190 404 1254 lore
423 1187 463 1255 ab
480 1187 519 1252 iis
537 1187 592 1271 qui
609 1185 690 1252 ultra
706 1184 953 1268 quinquennium
970 1185 1172 1270 proicianturl
1191 1187 1276 1252 unde
1294 1209 1366 1272 pro-

338 1282 416 1369 spici
432 1303 527 1366 posse
545 1301 626 1364 quae
648 1279 761 1362 cuique
778 1287 843 1342 tam
860 1278 955 1364 longo
974 1280 1121 1365 temporis
1143 1280 1244 1365 spatio
1262 1303 1365 1358 mens,

337 1377 463 1452 domus,
482 1373 627 1440 fortuna?
645 1371 805 1458 superbire
822 1370 965 1437 homines
984 1371 1077 1437 etiam
1096 1395 1200 1438 annua
1216 1374 1366 1460 designa-

337 1470 433 1535 tione:
456 1468 531 1551 quid
549 1467 576 1533 si
594 1466 744 1530 honorem
766 1487 824 1550 per
843 1465 1091 1550 quinquennium
1113 1466 1250 1553 agitent?
1273 1468 1363 1552 quin-

336 1562 498 1648 quiplicari
520 1579 649 1647 prorsus
671 1560 887 1647 magistratus,
915 1559 1056 1626 subverti
1077 1561 1178 1647 leges,
1200 1582 1284 1645 quae
1306 1585 1366 1628 sua

336 1656 437 1741 spatia
454 1655 645 1720 exercendae
664 1654 899 1724 candidatorum
918 1653 1091 1719 industriae
1112 1655 1365 1740 quaerendisque

336 1758 389 1815 aut
410 1749 568 1836 potiundis
591 1746 761 1813 honoribus
785 1747 958 1813 statuerint.
985 1748 1149 1814 favorabili
1170 1748 1364 1834 inspeciem

336 1845 474 1911 oratione
492 1844 556 1909 vim
573 1842 695 1928 imperii
712 1843 820 1906 tenuit

285 1964 317 2012 37
401 1939 589 2022 Censusque
615 1938 810 2021 quorundam
837 1946 1020 2002 senatorum
1041 1937 1134 2014 iuvit;
1165 1958 1228 2021 quo
1258 1938 1364 2024 magis

335 2035 449 2102 mirum
466 2033 526 2099 suit
543 2033 628 2117 quod
645 2054 753 2118 preces
772 2030 875 2096 Marci
891 2031 1026 2108 Hortali,
1045 2029 1159 2096 nobilis
1176 2031 1311 2108 iuvenis,
1330 2032 1364 2096 iu

334 2137 517 2216 paupertate
530 2126 698 2192 manifesta
712 2124 876 2211 superbius
893 2124 1079 2209 accepisset:
1097 2145 1196 2209 nepos
1210 2134 1278 2189 erat
1295 2147 1366 2190 ora-

335 2225 410 2290 toris
424 2223 596 2299 Hortensii,
616 2220 746 2286 inlectus
766 2243 785 2284 a
802 2219 875 2285 divo
887 2218 1037 2305 Augusto
1055 2217 1238 2283 liberalitate
1256 2219 1365 2284 decies

335 2317 469 2382 sestertii
491 2316 604 2380 ducere
627 2335 770 2390 uxorem,
795 2314 954 2398 suscipere
975 2311 1105 2390 liberos,
1127 2333 1167 2378 ne
1189 2312 1366 2378 clarissima

334 2409 453 2475 familia
470 2408 718 2493 extingueretur;
736 2407 833 2492 igitur
849 2416 996 2489 quattuor
1012 2406 1084 2471 filiis
1104 2415 1176 2470 aute
1192 2405 1289 2470 limen
1308 2428 1366 2470 cu-

332 2503 397 2568 riae
415 2500 626 2578 adstantibus,
648 2500 718 2565 loco
741 2501 926 2579 sententiae,
946 2521 1019 2565 cum
1040 2499 1073 2564 iu
1094 2499 1210 2585 palatio
1232 2507 1363 2564 senatus
1402 2541 1406 2548 -

333 2595 507 2673 haberetur,
526 2595 619 2660 modo
637 2590 800 2658 Hortensii
816 2594 898 2686 inter
914 2604 1052 2660 oratores
1071 2594 1162 2659 sitam
1179 2593 1363 2679 imaginem,

332 2690 426 2755 modo
447 2688 589 2776 Augusti
613 2688 738 2752 intuens
762 2688 803 2751 ud
824 2686 909 2752 hunc
934 2689 1063 2754 modum
1090 2687 1207 2773 coepit:
1235 2697 1363 2772 „patres

333 2783 513 2870 conscripti,
540 2783 613 2860 hos,
640 2803 774 2865 quorum
800 2803 966 2846 numerum
992 2792 1024 2848 et
1045 2782 1210 2868 pueritiam
1235 2780 1362 2856 vidctis,

332 2901 397 2944 non
423 2887 533 2964 sponte
560 2875 688 2954 sustuli,
720 2875 777 2941 sed
802 2874 877 2960 quia
901 2877 1047 2962 princeps
1073 2874 1234 2952 monebat3
1267 2874 1363 2940 simul

332 2973 465 3039 maiores
487 2972 551 3037 mei
571 2979 749 3036 meruerant
769 2980 805 3035 ut
826 2979 969 3055 posteros
995 2970 1161 3047 haberent3
1186 2991 1261 3033 narn
1286 2990 1360 3055 ego,

332 3069 468 3154 quinon
483 3067 663 3153 pecuniam,
686 3088 750 3131 non
767 3065 871 3130 studia
891 3065 1000 3150 populi
1016 3085 1119 3149 neque
1137 3061 1360 3147 eloquentiam,

331 3163 447 3250 gentile
470 3164 582 3228 domus
604 3170 730 3226 nostrae
751 3160 883 3237 bonum,
911 3159 1060 3224 varietate
1083 3167 1259 3243 temporum
1276 3158 1360 3222 acci-

330 3278 405 3342 pere
426 3257 477 3321 vel
498 3277 608 3341 parare
630 3255 818 3340 potuissem,
846 3254 921 3318 satis
944 3251 1100 3318 habebam
1124 3253 1152 3316 si
1175 3259 1284 3316 tenues
1307 3273 1360 3316 res

331 3371 419 3414 meae
442 3370 499 3412 uec
521 3349 598 3412 mihi
619 3348 732 3433 pudori
753 3369 810 3412 nec
837 3347 984 3431 cuiquam
1006 3347 1093 3412 oneri
1109 3346 1224 3410 forent:
1251 3343 1359 3410 iussus

331 3443 371 3507 ab
396 3443 582 3527 imperatore
607 3464 738 3507 uxorem
764 3441 854 3505 duxi:
882 3463 922 3506 en
948 3441 1042 3528 stirps
1069 3449 1101 3507 et
1123 3438 1290 3526 progenies
1314 3450 1362 3504 tot

331 3535 509 3614 consulum,
529 3545 574 3601 tot
591 3536 777 3601 dictatorum
783 3560 792 3613 ;
815 3555 873 3600 nec
891 3535 932 3600 ad
949 3536 1100 3600 iuvidiam
1116 3535 1191 3612 ista,
1211 3533 1267 3599 sed
1285 3555 1362 3599 eon-

330 3629 482 3694 ciliandae
512 3630 743 3695 misericordiae
773 3628 884 3694 refero.
920 3630 1131 3714 adsequentur
1161 3627 1290 3693 florente
1317 3635 1359 3704 te,

332 3724 465 3804 Caesar,
489 3747 569 3809 quos
592 3725 715 3790 dederis
733 3724 882 3789 honoresr
904 3724 1028 3789 interim
1048 3723 1088 3806 Q.
1107 3722 1271 3788 Hortensii
1287 3743 1361 3806 pro-

330 3829 474 3910 nepotes,
493 3820 559 3885 divi
574 3818 715 3906 Augusti
732 3819 874 3883 alumnos
892 3818 933 3885 ab
950 3819 1056 3904 iuopia
1073 3816 1237 3885 defende.“

280 3933 311 3984 ³8
393 3915 560 3980 inclinatio
575 3923 702 3980 senatus
715 3912 949 3978 incitamentum
963 3913 1091 3979 Tiberio
1104 3910 1164 3976 fuit
1177 3931 1240 3993 quo
1252 3931 1359 3994 prom-

329 4010 414 4094 ptius
436 4010 667 4086 adversaretur,
695 4007 745 4074 his
767 4007 866 4072 ferme
883 4007 987 4074 verbis
1010 4030 1102 4073 usus:
1131 4004 1179 4084 „si
1204 4011 1358 4086 quantum

328 4123 502 4187 pauperum
524 4113 573 4168 est
594 4103 700 4169 venire
721 4103 784 4167 huc
806 4111 837 4166 et
857 4100 963 4167 liberis
986 4101 1052 4166 suis
1074 4108 1181 4186 petere
1205 4094 1357 4182 pecunias

330 4197 500 4280 coeperint,
533 4197 648 4284 singuli
674 4219 845 4282 numquam
871 4196 1120 4272 exsatiabuntur,
1152 4214 1202 4258 res
1229 4189 1358 4277 publica
