3020 4958
431 439 639 500 Assumit
656 441 729 498 nm.
745 442 809 500 xv.
827 443 946 500 as-aa.
1134 431 1197 501 297

158 545 182 585 ρ.
193 533 243 575 cn.
253 535 285 574 aa.
295 533 329 574 es.

159 602 299 665 finitum.
319 599 393 664 dein
402 599 512 684 paucis
521 598 633 664 diebus
646 599 814 664 interiectis
829 623 945 686 magna
958 601 1113 685 utrimque
1128 625 1199 688 spe-

158 696 213 760 eie
232 697 305 760 inde
324 717 422 778 eques
436 694 628 779 compositus
641 716 698 778 per
710 703 829 761 turmas
844 705 875 758 et
887 695 1063 781 insignibus
1077 698 1197 782 patriis,

157 789 241 854 hino
255 788 385 876 agmina
398 787 559 873 legionum
573 796 686 852 stetere
703 786 897 874 fulgentibus
911 789 1023 873 aquilis
1037 790 1198 876 signisque

159 895 197 946 et
217 881 394 948 simulacris
412 882 507 945 deum
525 881 557 944 in
575 881 704 946 modum
722 882 844 966 templi;
870 884 974 948 medio
996 883 1131 948 tribunal
1149 906 1198 949 se-

159 977 240 1040 dem
250 975 392 1040 curulem
406 984 437 1039 et
451 975 542 1040 sedes
552 975 691 1061 effigiem
700 975 834 1040 Neronis
848 976 1031 1056 sustinebat,
1049 977 1198 1060 adquam

158 1091 355 1156 progressus
365 1068 522 1133 Tiridates
541 1069 641 1133 caesis
660 1090 700 1132 ex
716 1090 803 1133 more
821 1068 955 1135 victimis
975 1069 1132 1137 sublatum
1146 1092 1198 1134 oa-

159 1165 231 1249 pite
249 1163 396 1227 diadema
413 1162 543 1248 imagini
561 1162 707 1239 subiecit,
730 1163 854 1248 magnis
872 1165 957 1250 apud
980 1173 1109 1228 cunctos
1132 1165 1198 1228 ani-

161 1280 292 1322 morum
309 1255 462 1334 motibus,
481 1278 560 1340 quos
579 1256 716 1342 augebat
732 1257 827 1322 insita
843 1258 947 1322 adhuc
964 1257 1062 1323 oculis
1080 1257 1198 1322 exerci-

162 1361 256 1416 tuum
283 1351 499 1415 Romanorum
526 1351 639 1416 caedes
666 1360 721 1415 aut
746 1350 883 1416 obsidio:
916 1362 949 1415 at
978 1372 1062 1415 nunc
1087 1372 1196 1416 versos

164 1467 276 1522 casus3
302 1445 420 1510 iturum
438 1444 602 1512 Tiridaten
619 1445 754 1524 ostentui
777 1444 938 1531 gentibus,
956 1454 1074 1529 quanto
1093 1444 1197 1510 minus

164 1561 262 1622 quarn
281 1539 461 1623 captivum?

229 1631 366 1697 Addidit
386 1633 505 1719 gloriae
524 1632 664 1699 Corbulo
686 1633 866 1700 comitatem
884 1636 1069 1721 epulasque3
1093 1651 1125 1700 et
1146 1657 1196 1699 ro-
1216 1655 1248 1703 30

165 1726 285 1812 gitante
310 1749 385 1812 rege
408 1749 535 1804 causas,
563 1728 708 1811 quotiens
730 1750 848 1793 novum
870 1729 988 1813 aliquid
1010 1731 1194 1806 adverterat,

165 1831 200 1884 ut
221 1820 312 1885 initia
329 1820 507 1906 vigiliarum
528 1843 587 1906 per
608 1822 821 1888 centurionem
842 1824 991 1902 nuntiari,
1019 1824 1196 1890 convivium

165 1913 281 1978 bucina
299 1914 413 1980 dimitti
427 1925 458 1979 et
473 1924 624 1979 structam
637 1926 709 1981 ante
724 1917 873 2002 augurale
887 1940 974 1982 aram
988 1917 1114 1982 subdita
1127 1917 1195 1980 face

164 2008 307 2084 accendi,
327 2017 440 2072 cuncta
457 2009 490 2072 in
507 2009 610 2074 maiam
633 2010 777 2074 attollens
796 2011 1000 2076 admiratione
1017 2011 1114 2096 prisci
1129 2031 1196 2074 mo-

162 2102 207 2165 ris
225 2102 341 2168 affecit.
359 2112 486 2188 postero
504 2103 555 2168 die
574 2104 710 2189 spatium
728 2105 837 2184 oravit,
857 2127 921 2189 quo
938 2115 1059 2170 tantum
1076 2103 1195 2170 itineris

163 2196 306 2261 aditurus
324 2195 437 2261 fratres
455 2207 528 2262 ante
545 2208 741 2282 matremque
758 2199 886 2264 viseret:
914 2199 1057 2265 obsidem
1078 2199 1196 2264 interea
1249 2265 1253 2272 ,

162 2292 262 2356 filiam
281 2289 375 2354 tradit
390 2289 573 2374 litterasque
592 2292 752 2378 supplices
774 2293 815 2358 ad
832 2292 998 2360 Neronem.
1026 2303 1057 2357 et
1074 2287 1195 2380 digres-
1213 2308 1243 2356 31

163 2409 219 2451 sus
237 2384 397 2448 Pacorum
418 2386 504 2470 apud
520 2385 646 2465 Medos,
666 2386 847 2473 Vologesen
859 2387 1031 2453 Ecbatanis
1050 2388 1194 2473 repperit,

163 2502 229 2545 non
246 2478 440 2544 incuriosum
458 2479 577 2546 fratris:
601 2481 717 2566 quippe
736 2491 767 2546 et
783 2482 917 2568 propriis
940 2481 1056 2546 nuntiis
1075 2504 1095 2545 a
1117 2479 1196 2546 Cor-

163 2573 280 2639 bulone
298 2573 439 2657 petierat,
459 2596 499 2638 ne
517 2597 613 2660 quam
630 2574 802 2662 imaginem
820 2577 938 2642 servitii
950 2577 1107 2642 Tiridates
1124 2598 1196 2662 per-

162 2669 260 2734 ferret
276 2689 340 2732 neu
357 2667 474 2732 ferrum
492 2670 627 2735 traderet
649 2681 704 2736 aut
725 2671 892 2757 complexu
913 2670 1091 2756 provincias
1114 2670 1206 2736 obri--

162 2762 306 2827 nentium
328 2775 485 2828 arceretur
506 2763 667 2830 foribusve
689 2787 797 2831 eorum
821 2767 999 2842 adsisteret,
1027 2773 1194 2848 tantusque

162 2857 192 2920 ei
209 2857 332 2921 Romae
350 2867 487 2940 quantus
506 2858 688 2925 consulibus
706 2859 922 2925 honorasset:
951 2858 1069 2923 scilicet
1092 2868 1194 2923 exter·

162 2973 224 3014 nae
242 2950 408 3036 superbiae
426 2962 516 3018 sueto
533 2975 597 3018 non
618 2953 718 3020 inerat
739 2952 849 3018 notitia
871 2951 983 3027 nostri,
1006 2951 1091 3035 apud
1112 2972 1193 3033 quos

163 3047 212 3110 vis
229 3046 353 3130 imperii
370 3046 464 3124 valet,
483 3048 589 3113 inania
607 3049 829 3114 tramittuntur.

228 3139 352 3204 Eodem
371 3163 453 3206 anno
473 3140 593 3208 Caesar
609 3143 751 3208 nationes
769 3140 902 3226 Alpium
919 3137 1144 3204 maritimarum
1161 3136 1194 3200 in
1213 3155 1253 3208 32„

161 3236 213 3298 ius
234 3235 322 3300 Latii
345 3237 511 3302 transtulit.
539 3238 679 3322 equitum
697 3237 912 3302 Romanorum
933 3233 1019 3299 locos
1043 3229 1192 3296 sedilibus
1292 3255 1295 3262 ’

161 3331 264 3416 plebis
287 3334 465 3418 anteposuit
487 3336 572 3419 apud
594 3335 727 3411 circum3
746 3354 881 3416 namque
900 3331 941 3396 ad
958 3352 1027 3396 eam
1046 3327 1130 3393 diem
1147 3328 1194 3393 in-

161 3425 289 3490 discreti
307 3425 441 3505 inibant,
465 3429 540 3510 quia
557 3428 610 3492 lex
626 3427 744 3492 Roscia
761 3427 838 3490 nihil
855 3425 919 3491 nisi
936 3425 976 3492 de
994 3423 1194 3509 quattuorde-

162 3519 223 3583 cim
241 3520 403 3586 ordinibus
423 3523 537 3586 sanxit.
556 3521 736 3607 spectacula
756 3521 966 3608 gladiatorum
986 3520 1071 3585 idem
1092 3539 1193 3583 annus

161 3612 285 3690 habuit,
303 3615 372 3698 pari
395 3616 627 3701 magnificentia
648 3638 686 3681 ao
702 3616 805 3701 priora
811 3641 820 3695 3
844 3615 901 3680 sed
919 3613 1105 3679 feminarum
1123 3610 1194 3675 illu-

135 3759 141 3780 ,
161 3707 274 3771 strium
292 3717 534 3794 senatorumque
551 3709 657 3795 plures
675 3732 732 3796 per
749 3733 875 3776 arenam
893 3706 1011 3772 foedati
1029 3712 1110 3769 sunt.

227 3799 265 3865 O.
288 3801 466 3882 Laecanio,
495 3803 542 3870 M.
565 3805 688 3870 bromio
712 3800 895 3867 consulibus
922 3798 1040 3863 acriore
1066 3795 1099 3858 in
1124 3794 1242 3858 dieses

161 3894 308 3978 cupidine
332 3897 520 3984 adigebatur
536 3898 620 3964 Nero
642 3896 816 3984 promiscas
835 3914 945 3958 scenas
963 3887 1190 3974 frequentandi.

159 4011 236 4052 nam
257 3989 361 4056 adhue
382 4013 440 4077 per
461 3993 590 4058 domum
613 4002 668 4057 aut
684 3991 791 4076 hortos
813 3986 968 4053 cecinerat
988 3981 1191 4048 Iuvenalibus

159 4081 259 4160 ludis,
286 4107 368 4168 quos
394 4095 431 4150 ut
451 4108 562 4171 parum
585 4083 724 4152 celebres
750 4090 782 4147 et
813 4088 918 4145 tantae
943 4078 1014 4143 voci
1039 4085 1191 4162 angustos

159 4177 330 4262 'spernebat
335 4205 344 4259 3
359 4203 422 4246 non
432 4190 537 4247 tamen
546 4182 666 4248 Romae
675 4177 811 4264 incipere
820 4196 917 4242 ausus
926 4171 1091 4259 Neapolim
1101 4170 1192 4256 quasi
