3042 4956
321 450 529 510 arsamum
545 449 620 506 arn.
633 451 682 508 vt.
699 449 820 506 to-ss.
836 451 977 526 (ta-ao.)
1098 441 1158 506 177

134 543 294 596 amma
387 567 392 576 .

133 612 205 695 quia
231 609 371 696 plurima
396 608 563 675 auctoritas
589 603 921 695 penesAbdagaesen
947 620 979 675 et
1004 610 1159 680 Tiridates

132 706 269 792 ignatus
286 704 330 768 ad
345 701 485 788 pericula
501 711 576 766 erat
604 703 660 767 sed
677 702 773 789 fugae
791 703 895 788 specie
913 704 1101 784 discessum
1122 727 1160 772 ac

131 797 286 883 principio
308 805 440 883 agente
457 794 601 860 Arabum
621 795 707 862 facto
729 797 824 862 ceteri
845 796 954 862 domos
977 797 1093 862 abeunt
1109 798 1159 864 vel

132 892 164 955 in
179 901 288 956 castra
300 889 465 967 Artabani,
484 890 584 954 donec
598 889 754 954 Tiridates
772 912 844 955 cum
861 891 970 976 paucis
987 891 1020 956 in
1035 890 1159 978 Syriam

133 995 277 1050 revectus
295 985 416 1070 pudore
433 983 617 1069 proditionis
634 1007 743 1050 omnes
762 985 905 1050 exsolvit.

193 1079 289 1144 Idem
317 1101 418 1144 annus
448 1077 538 1163 gravi
566 1079 640 1164 igne
669 1078 780 1143 urbem
805 1079 911 1146 adficit
935 1080 1048 1146 deusta
1070 1089 1160 1166 parte
1178 1085 1208 1132 ⁵¹

133 1173 219 1250 circi,
245 1194 329 1257 quae
350 1170 509 1236 Aventino
531 1171 691 1257 contigua,
717 1172 849 1256 ipsoque
871 1171 1044 1252 Aventin03
1074 1175 1159 1258 quod
1172 1149 1215 1200 (⁴⁵)

132 1266 284 1330 damnum
310 1264 429 1330 Caesar
446 1265 487 1328 ad
511 1264 643 1351 gloriam
669 1265 936 1354 vertitexsolutis
958 1267 1108 1350 domuum
1130 1285 1162 1334 et

134 1360 308 1425 insularum
331 1358 452 1444 pretiis:
478 1359 584 1423 milies
603 1359 779 1424 sestertium
797 1381 835 1426 ca
855 1360 1066 1425 munificentia
1087 1383 1161 1426 con·

133 1452 285 1531 locatum,
309 1463 396 1518 tanto
414 1452 570 1538 acceptius
588 1453 621 1516 in
638 1453 783 1540 vulgum,
806 1463 922 1537 quanto
939 1455 1080 1520 modicus
1098 1455 1161 1540 pri-

135 1548 213 1612 vatis
235 1545 506 1612 aedificationibus
528 1568 567 1611 ne
593 1543 718 1631 publice
744 1548 870 1631 quidem
895 1549 956 1614 nisi
978 1549 1040 1614 duo
1065 1571 1160 1634 opera

136 1641 262 1718 struxit,
286 1639 440 1725 templum
460 1638 610 1726 Augusto
632 1649 663 1704 et
685 1661 811 1705 scenam
827 1641 1012 1728 Pompeiani
1033 1642 1159 1720 theat1i;

137 1755 233 1816 eaque
255 1733 412 1819 perfecta,
434 1743 614 1818 contemptu
632 1732 809 1799 ambitionis
827 1757 866 1799 an
883 1757 941 1819 per
957 1745 1158 1813 senectutem,

135 1824 217 1890 haud
230 1827 399 1892 dedicavit.
423 1827 479 1892 sed
495 1827 688 1892 aestimando
701 1827 852 1910 cuiusque
869 1828 1053 1894 detrimento
1070 1838 1161 1912 quat-

137 1929 204 1984 tuor
224 1920 394 2006 progeneri
416 1919 575 1997 Caesaris,
600 1919 660 1985 Cn.
682 1920 857 1997 Domitius,
886 1919 1017 1985 Cassius
1038 1920 1162 2006 Longi·

136 2035 208 2091 nus,
230 2015 280 2078 M.
304 2013 462 2090 Vinicius,
488 2013 654 2078 Rubellius
676 2013 818 2078 Blandus
841 2013 953 2078 delecti
974 2013 1161 2096 additusque

137 2107 347 2172 nominatione
364 2107 529 2172 consulum
542 2106 580 2171 P.
593 2106 775 2184 Petronius3
794 2115 825 2170 et
841 2127 898 2191 pro
914 2105 1040 2191 ingenio
1058 2105 1161 2170 cuius-

136 2220 194 2280 que
216 2200 353 2284 quaesiti
375 2200 552 2284 decretique
568 2201 603 2264 in
623 2199 796 2286 principem
814 2199 963 2277 honores;
985 2220 1065 2283 quos
1084 2198 1160 2262 omi·

139 2295 209 2358 serit
221 2295 424 2380 receperitve,
437 2296 471 2358 in
483 2295 601 2360 incerto
615 2295 675 2359 fuit
688 2294 729 2360 ob
741 2294 951 2379 propinquum
965 2293 1047 2358 vitae
1055 2292 1160 2358 finem

197 2391 309 2474 Neque
328 2389 411 2454 enim
428 2390 526 2455 multo
542 2400 615 2476 post
633 2389 770 2476 supremi
784 2388 910 2454 Tiberio
928 2387 1081 2464 consules,
1102 2387 1159 2453 Cra

139 2481 345 2560 Aonanonrns,
378 2482 416 2549 C.
446 2484 594 2561 Ponrrns,
626 2484 842 2570 magistratum
871 2505 1033 2569 occepere,
1064 2482 1161 2548 nimia

138 2577 198 2642 iam
214 2577 356 2662 potentia
368 2576 538 2654 Macronis,
558 2578 612 2661 qui
624 2578 757 2662 gratiam
771 2576 810 2642 C.
825 2575 971 2643 Caesaris
988 2599 1159 2661 numquam

140 2669 197 2735 sibi
216 2671 394 2757 neglectam
420 2670 522 2736 acrius
544 2671 578 2734 in
599 2672 666 2736 dies
689 2671 816 2738 fovebat
840 2671 1066 2756 impuleratque
1087 2679 1160 2756 post

139 2775 267 2830 mortem
285 2764 454 2841 Claudiae,
477 2786 572 2848 quam
588 2774 718 2850 nuptam
734 2765 766 2829 ci
781 2765 899 2842 rettuli,
921 2786 1052 2830 uxorem
1070 2787 1162 2828 suam

140 2855 271 2924 Enniam
288 2859 441 2922 imitando
463 2881 602 2924 amorem
618 2859 764 2924 iuvenem
779 2858 905 2922 inlicere
922 2866 1076 2942 pactoque
1093 2880 1161 2922 ma·

140 2951 269 3017 trimonii
287 2952 421 3030 vincire,
443 2952 520 3016 nihil
538 2951 740 3028 abnuentem,
763 2952 840 3015 dum
856 2949 1077 3015 dominationis
1094 2951 1163 3033 api-¹

140 3055 286 3123 sceretur3
305 3069 379 3110 nam
397 3045 457 3111 etsi
474 3055 648 3112 commotus
662 3045 788 3130 ingenio
806 3042 1039 3108 simulationum
1050 3050 1161 3104 tamen

140 3137 215 3203 salsa
231 3141 266 3204 in
284 3139 357 3204 sinu
374 3139 426 3204 avi
437 3140 652 3224 perdidicerat
675 3159 808 3224 gnarum
825 3135 886 3199 hoc
903 3133 1044 3219 principi,
1063 3153 1161 3215 eoque
1179 3145 1212 3193 52

140 3229 291 3298 dubitavit
313 3234 353 3296 de
375 3233 527 3298 tradenda
546 3254 580 3298 re
601 3230 742 3316 publiea,
755 3229 899 3314 primum
920 3227 1000 3291 inter
1020 3234 1160 3311 nepotes,
1175 3209 1216 3260 ‘⁴⁶'

141 3345 269 3406 quorum
286 3325 397 3390 Druso
420 3326 545 3411 genitus
568 3324 721 3410 sangtdne
743 3333 775 3386 et
795 3322 922 3387 caritate
944 3319 1083 3405 propior,
1106 3321 1163 3384 sed

140 3419 275 3484 nondum
298 3418 495 3503 pubertatem
517 3419 692 3503 ingressus,
717 3413 897 3482 Germanici
918 3415 982 3479 filio
1003 3413 1099 3479 robur
1114 3414 1163 3478 iu-

141 3523 261 3590 ventae,
279 3512 370 3598 vulgi
388 3513 505 3588 studia,
528 3533 627 3594 eaque
644 3510 729 3596 apud
746 3534 840 3575 avum
856 3510 920 3575 odii
936 3533 1046 3587 catrsa;
1068 3509 1163 3574 etiam

141 3603 176 3669 de
198 3606 336 3673 Claudio
358 3606 504 3692 agitanti,
530 3605 664 3688 quadis
686 3606 848 3690 conposita
868 3614 984 3680 aetate,
1009 3601 1164 3668 bonarum

142 3700 248 3766 artium
266 3701 400 3786 cupiens
418 3709 499 3777 erat,
517 3698 682 3764 imminuta
699 3721 787 3763 mens
805 3699 873 3764 eius
891 3697 1024 3762 obstitit:
1043 3695 1093 3758 sin
1109 3716 1164 3757 ex-

142 3800 184 3857 tra
203 3797 336 3860 domum
359 3815 526 3858 successor
545 3801 758 3874 quaereretur,
779 3813 821 3854 ne
841 3789 992 3854 memoria
1012 3784 1162 3870 Augusti,

96 3961 105 3972 ι
142 3907 177 3950 ne
195 3912 315 3954 nomen
333 3887 508 3953 Caesarum
525 3887 559 3950 in
579 3885 715 3950 ludibria
731 3897 763 3949 et
783 3881 987 3948 contumelias
1009 3887 1165 3942 verterent

141 3983 311 4060 metuebat3
338 3981 455 4065 quippe
476 3979 523 4043 illi
542 4001 608 4044 non
627 3977 757 4062 perinde
778 3995 871 4039 curae
896 3971 997 4056 gratia
1018 3991 1165 4054 praesen-

143 4071 213 4140 tium
231 4097 330 4159 quam
347 4075 381 4137 in
392 4084 536 4158 posteros
549 4071 687 4136 ambitio.
710 4090 785 4132 mox
800 4067 937 4130 incertus
955 4063 1060 4141 animi,
1078 4062 1164 4128 sesso

142 4185 281 4253 corpore,
309 4168 490 4244 consilium,
517 4167 569 4232 cui
589 4167 691 4250 impar
707 4170 787 4239 erat,
813 4158 878 4224 sato
894 4157 1049 4245 permisit,
1074 4157 1164 4224 iactis

190 4285 315 4329 ructatus.
326 4282 344 4326 ι.
955 4267 993 4323 12
