3042 4956
358 389 420 454 170
703 394 886 453 CORNELII
903 393 1033 451 TACITI

1219 496 1272 525 thu.
1284 488 1397 528 team.

357 556 533 632 Gaetulico,
553 553 613 620 sub
630 575 693 637 quo
710 553 827 639 legioni
843 551 1036 638 praefuerat,
1053 553 1227 638 periculum
1245 553 1394 630 facessit,

356 652 443 737 quod
459 651 487 715 is
508 648 615 715 Seiani
636 646 736 711 filium
757 667 908 732 generum
930 646 1131 724 destinasset,
1155 647 1237 712 ultro
1255 648 1396 712 damna-

356 757 408 812 tur
429 754 524 828 atque
547 742 624 808 urbe
647 741 792 828 exigitur.
825 737 1010 818 Gaetulicus
1032 763 1071 806 ea
1088 749 1273 826 tempestate
1293 765 1395 826 supe·

356 841 447 906 rioris
466 836 655 904 Germaniae
672 835 813 922 leg'ones
831 834 961 900 curabat
979 835 1154 919 mirumque
1172 856 1313 902 amorem
1331 837 1394 900 ad-

357 942 484 1000 secutus
511 939 592 1008 erat;
620 929 739 995 effusae
766 929 963 1007 clementiae,
992 929 1133 996 modicus
1161 930 1328 994 severitate
1357 941 1393 996 ct

356 1028 499 1116 proximo
517 1048 642 1110 quoque
659 1024 809 1090 exercitui
825 1046 883 1110 per
899 1025 941 1089 L.
959 1022 1140 1109 Apronium
1158 1047 1302 1092 socerum
1321 1048 1391 1090 non

356 1124 512 1210 ingratus3
533 1121 617 1184 unde
639 1119 725 1184 fama
747 1128 894 1186 constans
918 1141 1030 1184 ausum
1052 1119 1175 1184 mittere
1201 1119 1242 1184 ad
1266 1117 1391 1186 Caesa·

356 1240 423 1282 rem
439 1217 568 1292 litteras,
588 1214 780 1280 adfinitatem
794 1212 854 1278 sibi
872 1235 945 1280 oum
956 1211 1072 1279 Seiano
1085 1213 1169 1280 haud
1183 1223 1307 1298 sponte,
1327 1215 1390 1280 sed

356 1310 487 1376 consilio
505 1308 626 1374 Tiberii
643 1317 785 1394 coeptam
791 1332 801 1385 ;
823 1306 952 1392 perinde
969 1329 1004 1372 se
1022 1329 1118 1390 quam
1136 1307 1300 1374 Tiberium
1317 1308 1387 1373 salli

354 1405 504 1491 potuisse,
523 1425 626 1486 neque
644 1424 779 1468 errorem
797 1403 932 1469 eundem
949 1402 994 1466 illi
1012 1402 1079 1466 sine
1091 1401 1211 1479 fraude,
1230 1402 1300 1467 aliis
1319 1404 1387 1468 exi·

355 1499 398 1562 tio
412 1496 605 1561 habendum:
625 1495 685 1560 sibi
697 1496 792 1560 fidem
805 1496 960 1582 integram
973 1505 1013 1573 et,
1033 1496 1060 1561 si
1077 1495 1170 1560 nullis
1188 1496 1311 1562 insidiis
1329 1519 1387 1582 pe·

355 1601 479 1668 teretur,
498 1611 692 1669 mansuram3
713 1611 928 1656 successorem
946 1613 1009 1656 non
1023 1589 1112 1654 aliter
1125 1612 1219 1673 quom
1233 1590 1385 1656 indicium

353 1683 462 1749 mortis
480 1693 696 1768 accepturum:
718 1683 878 1748 firmarent
900 1684 985 1748 velut
1002 1684 1128 1761 foedus,
1156 1706 1219 1768 quo
1236 1685 1385 1770 princeps

353 1787 526 1844 ceterarum
538 1801 643 1844 rerum
656 1787 824 1864 poteretur,
834 1779 901 1863 ipse
915 1779 1107 1864 provinciam
1119 1778 1275 1844 retineret.
1293 1779 1384 1858 haec,

354 1873 434 1938 mira
450 1895 655 1958 quamquam,
682 1872 777 1938 fidem
796 1895 890 1938 exeo
909 1871 1088 1950 trahebant,
1107 1873 1192 1956 quod
1213 1896 1296 1938 unus
1316 1897 1385 1939 om-

353 1968 441 2032 nium
460 1967 568 2034 Seiani
590 1967 741 2033 adfinium
762 1966 927 2032 incolumis
950 1966 1110 2050 multaque
1131 1967 1234 2053 gratia
1255 1968 1383 2046 mansit,

353 2072 517 2148 reputante
539 2062 667 2129 Tiberio
689 2062 850 2148 pubhcum
873 2061 933 2127 sibi
950 2062 1071 2139 odium,
1099 2073 1272 2128 extremam
1297 2071 1384 2128 aeta-

354 2170 431 2235 tem,
451 2158 615 2244 magisque
634 2157 832 2241 famaquam
849 2156 882 2220 vi
900 2165 981 2222 stare
999 2178 1049 2222 res
1069 2177 1152 2222 suaa

304 2263 336 2310 37
421 2252 459 2318 O.
480 2250 608 2328 Casrro,
635 2250 683 2316 M.
704 2248 847 2316 Snnvrmo
871 2249 1053 2316 consulibus
1076 2250 1197 2316 nobiles
1216 2249 1328 2316 Parthi
1351 2251 1382 2315 in

299 2331 339 2376 ‘³¹'
355 2346 464 2411 urbem
483 2367 610 2422 venere,
628 2345 738 2431 ignaro
756 2367 830 2431 rege
848 2343 1026 2412 Artabano:
1049 2345 1077 2410 is
1095 2354 1181 2410 metu
1199 2342 1382 2410 Germanici

353 2440 434 2503 lidus
444 2438 610 2515 Romanis,
629 2438 801 2521 aequabilis
820 2439 853 2502 in
871 2462 957 2517 suos,
976 2462 1051 2505 mox
1069 2439 1248 2526 superbiam
1265 2439 1298 2504 in
1312 2462 1381 2518 nos,
1488 2503 1489 2512 ,

354 2531 516 2598 saevitiam
528 2531 561 2595 in
574 2531 741 2616 populares
756 2531 899 2616 sumpsit,
918 2533 1017 2600 fretus
1032 2533 1132 2612 bellis,
1152 2555 1232 2617 quae
1242 2535 1383 2600 secunda

353 2627 521 2692 adversum
539 2625 753 2691 circumiectas
771 2626 914 2693 nationes
933 2637 1124 2705 exercuerat,
1143 2636 1174 2692 et
1187 2637 1381 2693 senectutem

353 2719 472 2786 Tiberii
494 2728 530 2784 ut
550 2719 702 2785 inermem
724 2720 901 2806 despiciens
924 2722 1099 2807 avidusque
1116 2719 1302 2799 Armeniae,
1331 2721 1381 2787 oui

353 2814 502 2880 defuncto
519 2835 594 2901 rege
611 2813 746 2880 Artaxia
762 2813 923 2894 Arsacen,
946 2815 1116 2882 liberorum
1135 2838 1262 2882 suorum
1279 2824 1381 2880 veter·

351 2911 474 2989 rimum,
493 2909 640 2996 inposuit,
659 2910 766 2975 addita
784 2910 972 2976 contumelia
989 2920 1021 2977 et
1037 2910 1143 2976 missis
1157 2910 1212 2995 qui
1229 2933 1380 2997 gozama

351 3003 485 3070 Vonone
497 3004 638 3071 relictam
650 3003 684 3068 in
700 3002 967 3091 SyriaCiliciaque
984 3014 1196 3090 reposcerent;
1216 3003 1311 3070 simul
1328 3027 1380 3070 ve·

352 3112 433 3166 teres
447 3099 617 3166 Persarum
628 3122 667 3165 ac
680 3098 894 3166 Macedonum
908 3099 1067 3179 terminos,
1087 3121 1183 3184 seque
1196 3099 1379 3164 invasurum

288 3203 296 3217 '
351 3217 501 3280 possessa
523 3194 609 3280 Cyro
631 3204 663 3260 et
684 3204 757 3280 post
773 3192 955 3260 Alexandro
978 3217 1034 3280 per
1056 3193 1324 3278 vaniloquentiam
1345 3217 1380 3258 ac

351 3288 453 3351 minas
471 3288 614 3352 iaciebat.
646 3290 703 3354 sed
720 3289 846 3354 Parthis
865 3289 1008 3354 mittendi
1025 3298 1162 3354 secretos
1180 3288 1307 3353 nuntios
1326 3311 1380 3354 va·

349 3379 522 3444 lidissimus
540 3389 650 3445 auctor
667 3381 727 3446 fuit
743 3380 906 3461 Sinnaces,
924 3383 1042 3470 insigni
1058 3381 1178 3448 familia
1195 3404 1234 3446 ao
1250 3382 1379 3467 perinde

350 3470 473 3556 opibus,
493 3481 524 3536 ct
535 3473 698 3557 proximus
715 3474 789 3539 huic
802 3474 927 3554 Abdus,
947 3479 1112 3562 ademptae
1130 3476 1285 3542 virilitatis
1304 3474 1378 3559 (non

351 3567 534 3651 despectum
552 3565 585 3630 id
602 3567 687 3652 apud
705 3566 869 3648 barbaros,
892 3571 1036 3656 ultroque
1061 3571 1233 3658 potentiam
1256 3569 1378 3655 habet):

348 3662 371 3728 ii
389 3660 517 3728 adscitis
536 3671 568 3726 et
585 3661 653 3727 ahie
671 3663 873 3749 primoribus,
892 3666 967 3749 quia
983 3666 1141 3732 neminem
1159 3665 1262 3752 gentis
1280 3664 1378 3732 Arsa·

336 3758 489 3824 ,cidarum
509 3779 650 3822 smnmae
667 3757 712 3823 rei
728 3757 879 3844 inponere
896 3769 1054 3845 poterant,
1072 3759 1243 3826 interfectis
1262 3757 1303 3824 ab
1317 3758 1378 3824 Ar·

349 3853 463 3918 tabano
489 3852 647 3938 plerisque
673 3863 727 3920 aut
753 3854 893 3920 nondum
919 3853 1049 3934 adultis,
1085 3853 1258 3932 Phraaten,
1294 3854 1377 3941 regis

348 3947 494 4014 Phraatis
504 3948 612 4027 filium,
623 3949 726 4015 Roma
739 3948 924 4036 poscebant:
939 3950 1066 4015 nomine
1079 3960 1201 4016 tantum
1210 3958 1242 4014 et
1251 3957 1376 4014 auctore

350 4063 444 4124 opus,
471 4053 507 4106 ut
529 4055 640 4128 sponte
659 4043 820 4123 Caesaris,
844 4053 880 4110 ut
896 4066 998 4131 genus
1015 4043 1147 4110 Arsacis
1170 4044 1271 4129 1ipam
1294 4041 1377 4129 apud

346 4132 518 4218 Euphratis
538 4147 724 4204 cerneretur.
