3042 4956
330 460 393 526 246
678 465 861 522 CORNELII
875 462 1009 518 TAOITI

1248 556 1362 595 a.u.811.

392 627 446 695 Ob
464 627 542 692 haec
560 622 773 690 consalutatus
790 621 958 706 imperator
974 619 1068 698 Nero,
1087 629 1119 686 at
1136 631 1265 686 senatus
1284 645 1363 687 oon-

328 725 409 791 sulto
432 719 674 808 supplicationes
697 717 835 794 habitae,
860 725 1043 799 statuaeque
1066 723 1098 780 et
1119 737 1209 780 arcus
1233 725 1266 780 et
1283 739 1362 782 con-

327 817 405 884 tinui
422 815 602 882 consulatus
615 811 757 897 principi,
776 819 872 893 utque
889 809 1086 875 intersertos
1103 810 1271 874 referretur
1288 811 1359 876 dies

326 935 390 998 quo
407 919 529 998 patrata
546 907 688 985 victoria,
707 928 770 990 quo
792 905 942 982 nuntiata,
962 927 1024 990 quo
1042 905 1175 970 relatum
1192 905 1231 970 de
1250 927 1289 970 ea
1308 927 1361 970 es-

327 1017 383 1085 set,
403 1006 525 1090 aliaque
542 1003 575 1067 in
593 1002 723 1067 eandem
741 1001 875 1066 formam
892 1001 1109 1077 decernuntur,
1128 1001 1207 1066 adeo
1225 1002 1359 1066 modum

326 1123 455 1188 egressa
475 1107 511 1163 ut
533 1096 571 1162 O.
592 1095 723 1161 Cassius
746 1096 786 1160 de
808 1093 919 1159 ceteris
942 1093 1112 1160 honoribus
1135 1095 1304 1173 adsensus,
1330 1096 1359 1160 si

325 1219 382 1282 pro
403 1192 594 1280 benignitate
616 1189 760 1256 fortunae
782 1189 830 1253 dis
853 1197 957 1275 grates
985 1197 1164 1274 agerentur,
1190 1209 1231 1252 ne
1253 1198 1357 1254 totum

326 1290 452 1374 quidem
474 1309 592 1351 annum
614 1283 892 1371 supplicationibus
916 1283 1061 1348 sufficere
1083 1283 1279 1361 disseruerit,
1302 1305 1358 1348 eo-

325 1405 386 1468 que
404 1391 546 1467 oportere
568 1379 666 1444 dividi
684 1400 789 1445 sacros
808 1387 839 1442 et
855 1377 1036 1464 negotiosos
1055 1378 1136 1454 dies,
1160 1376 1229 1460 quis
1247 1377 1358 1442 divina

325 1476 461 1542 colerent
478 1483 510 1538 et
526 1472 664 1538 humana
680 1495 744 1537 non
761 1472 955 1558 impedirent.

273 1591 306 1638 42
388 1568 493 1633 Variis
511 1567 623 1630 deinde
641 1565 767 1631 casibus
784 1566 917 1631 iactatus
936 1575 967 1631 et
984 1565 1153 1631 multorum
1171 1565 1242 1630 odia
1260 1565 1356 1630 meri-

325 1674 375 1728 tus
397 1685 469 1727 reus
491 1661 576 1726 haud
598 1670 704 1725 tamen
727 1661 794 1725 sine
814 1660 933 1725 invidia
957 1658 1097 1726 Senecae
1118 1659 1298 1738 damnatur;
1327 1659 1356 1726 is

324 1757 384 1821 fuit
401 1755 533 1821 Publius
554 1753 693 1832 Suillius,
712 1755 909 1840 imperitante
929 1753 1063 1820 Claudio
1082 1753 1226 1819 terribilis
1244 1776 1282 1818 ac
1300 1776 1357 1820 ve·

323 1850 418 1928 nelis,
443 1859 475 1914 et
490 1848 662 1914 mutatione
680 1858 856 1934 temporum
872 1872 937 1914 non
954 1859 1105 1933 quantum
1123 1847 1241 1912 inimici
1259 1868 1358 1933 cupe-

323 1953 392 2010 rent
410 1943 576 2020 demissus,
595 1943 711 2026 quique
729 1965 764 2006 se
781 1953 946 2007 nocentem
958 1942 1057 2006 videri
1070 1964 1165 2025 quam
1179 1940 1356 2026 supplicem

323 2039 444 2116 mallet3
463 2037 529 2102 eius
548 2037 743 2123 opprimendi
760 2037 861 2124 gratia
877 2037 1044 2122 repetitum
1062 2035 1245 2101 credebatur
1263 2057 1357 2100 sena

324 2143 374 2197 tus
398 2132 576 2197 consultum
597 2153 760 2217 poenaque
784 2129 912 2197 Cinciae
934 2130 1014 2217 legis
1037 2131 1204 2195 adversum
1226 2129 1356 2214 eosqui

324 2227 423 2311 pretio
446 2249 558 2292 causas
581 2226 764 2290 oravissent.
795 2245 854 2289 nec
877 2221 1007 2290 Suillius
1030 2234 1143 2308 questu
1165 2232 1219 2288 aut
1240 2245 1357 2309 expro-

324 2319 464 2384 bratione
490 2318 681 2396 abstinebat,
708 2328 831 2404 praeter
852 2318 1000 2383 ferociam
1022 2319 1118 2382 animi
1141 2327 1281 2382 extrema
1303 2339 1356 2382 se·

324 2421 415 2476 necta
427 2412 506 2476 liber
523 2420 554 2476 et
569 2410 722 2477 Senecam
737 2412 900 2497 increpans
914 2412 1073 2477 infensum
1092 2411 1199 2476 amieis
1216 2409 1354 2490 Claudii,

325 2504 383 2569 sub
398 2526 460 2587 quo
473 2505 681 2570 iustissimum
695 2506 822 2569 exilium
830 2506 1023 2592 pertulisset3
1039 2506 1132 2572 simul
1146 2505 1257 2570 studiis
1270 2505 1356 2570 iner-

324 2596 406 2661 tibus
425 2606 456 2660 et
473 2598 624 2662 iuvenum
640 2599 802 2683 inperitiae
821 2609 944 2664 suetum
966 2599 1061 2664 livere
1079 2600 1118 2664 iis
1141 2599 1195 2685 qui
1212 2599 1355 2664 vividam

324 2699 355 2754 et
371 2690 581 2777 incorruptam
595 2691 805 2775 eloquentiam
823 2694 946 2759 tuendis
965 2694 1086 2759 civibus
1105 2701 1298 2770 exercerent3
1318 2715 1355 2758 se

323 2793 521 2867 quaestorem
536 2781 725 2863 Germanici,
739 2786 828 2852 illum
841 2788 953 2852 domus
967 2788 1034 2853 eius
1049 2788 1223 2854 adulterum
1237 2787 1353 2852 fuisse:

323 2901 363 2942 an
385 2879 514 2965 gravius
537 2879 766 2946 aestimandum
789 2891 900 2966 sponte
921 2882 1086 2968 litigatoris
1104 2881 1277 2967 praemium
1295 2880 1355 2948 ho-

322 2983 429 3038 nestae
448 2996 562 3060 operae
580 2975 719 3060 assequi,
743 2997 838 3059 quam
856 2997 1054 3062 corrumpere
1076 2975 1221 3041 cubicula
1237 2975 1354 3061 prinoi-

321 3092 398 3156 pum
408 3068 614 3136 feminarum?
628 3093 690 3155 qua
700 3070 861 3157 sapientia,
872 3071 986 3155 quibus
995 3071 1252 3157 philosophorum
1260 3091 1353 3154 prae-

323 3166 421 3249 ceptis
444 3165 525 3230 intra
546 3166 786 3249 quadriennium
805 3165 911 3252 regiae
932 3166 1086 3232 amicitiae
1109 3176 1156 3230 ter
1177 3164 1278 3230 milies
1302 3186 1353 3228 se-

323 3259 464 3323 stertium
494 3261 687 3344 paravisset?
720 3260 841 3325 Romae
872 3267 1058 3325 testamenta
1084 3269 1115 3325 et
1139 3257 1232 3324 orbos
1263 3258 1352 3322 velut

322 3352 469 3434 indagine
492 3353 558 3416 eius
581 3355 664 3438 capi,
687 3354 813 3419 Italiam
830 3363 862 3418 et
883 3355 1058 3441 provincias
1081 3355 1223 3419 inmenso
1241 3352 1352 3418 fenore

322 3443 452 3505 hauriri:
478 3453 510 3506 at
538 3444 598 3509 sibi
619 3446 726 3510 labore
753 3448 928 3531 quaesitam
950 3457 982 3514 et
1002 3449 1159 3514 modicam
1183 3446 1352 3533 pecuniam

321 3557 405 3614 essa;
428 3535 558 3614 crimen,
577 3539 764 3624 periculum,
788 3542 893 3606 omnia
910 3543 1014 3628 potius
1033 3543 1235 3609 toleraturum
1253 3562 1351 3625 quam

321 3639 459 3696 veterem
472 3653 509 3696 ac
522 3631 606 3697 domi
619 3642 741 3718 partam
753 3635 966 3722 dignationem
985 3636 1106 3703 subitae
1119 3636 1260 3702 felicitati
1275 3634 1352 3700 aub-

323 3725 466 3792 mitteret.

270 3840 302 3888 aa
384 3820 452 3886 Nec
469 3821 597 3887 deerant
618 3822 672 3907 qui
689 3823 767 3889 haec
788 3824 889 3891 isdem
906 3826 1011 3892 verbis
1028 3834 1084 3891 aut
1104 3847 1197 3890 versa
1213 3824 1246 3890 in
1263 3823 1352 3888 dete-

319 3915 384 3981 rius
401 3913 541 3982 Senecae
554 3916 723 3997 deferrent3
741 3919 917 4004 repertique
930 3927 1128 3986 accusatores
1141 3919 1280 4004 direptos
1298 3941 1351 3984 so-

320 4009 400 4087 cios,
419 4032 491 4076 cum
511 4007 641 4077 Suillius
658 4013 851 4098 provinciam
868 4013 981 4081 Asiam
997 4023 1129 4101 regeret,
1148 4035 1186 4078 ac
1203 4011 1350 4098 publicae

319 4104 469 4185 pecuniae
482 4105 662 4189 peculatum
674 4108 857 4174 detulerant.
877 4131 951 4174 mox
964 4109 1038 4193 quia
1049 4107 1283 4193 inquisitionem
1292 4129 1350 4171 an-

318 4215 414 4257 nuam
426 4195 677 4281 impetraverant,
696 4199 822 4268 brevius
836 4203 939 4268 visum
956 4203 1077 4270 urbana
1094 4201 1223 4268 crimina
1240 4200 1348 4287 incipi,
