2960 4962
319 421 528 480 ANNALIUM
545 421 620 473 LIB.
634 421 683 476 vl.
702 421 821 475 29-32.
836 423 978 494 (ne-26.)
1098 411 1157 474 167

134 516 248 566 acuas.

132 584 322 669 pulsaverat,
341 587 546 656 exterruerat3
565 577 659 642 etiam
677 601 735 642 sua
748 577 844 642 verba
856 579 995 644 centurio
1010 580 1158 646 saevitiae
1211 631 1219 654 ,

132 678 238 762 plena,
260 685 420 757 tamquam
438 671 611 758 egregium,
629 693 785 755 vocesque
803 671 975 738 deficientis
993 674 1156 753 adiecerat,

131 770 198 854 quis
221 768 326 854 primo
345 765 580 852 [alienationem
601 764 714 829 mentis
733 763 899 850 simulans]
923 767 1015 849 quasi
1031 789 1087 852 per
1104 768 1159 832 de·

131 863 282 928 mantiam
298 861 425 926 funesta
443 857 580 936 Tiberio,
599 881 682 936 mox,
701 858 756 923 ubi
774 881 888 943 exspes
907 860 989 924 vitae
1006 860 1076 937 fuit,
1094 883 1159 926 me-

132 958 246 1021 ditatas
264 953 517 1040 compositasque
536 952 620 1017 duas
638 953 880 1037 imprecabatur,
904 963 940 1016 ut
956 954 1159 1036 quemadmo-

131 1051 205 1113 dum
219 1071 336 1114 nurum
348 1047 510 1129 filiumque
523 1045 627 1112 fratris
642 1056 673 1110 ct
685 1055 816 1131 nepotes
830 1047 1020 1130 domumque
1033 1069 1159 1113 omnem

132 1143 282 1208 caedibus
300 1141 529 1226 complevisset,
548 1141 593 1206 ita
608 1163 726 1225 poenas
744 1140 863 1205 nomini
878 1142 1048 1227 generique
1061 1141 1159 1207 maio-

130 1259 199 1300 rum
227 1247 260 1302 et
285 1236 419 1322 posteris
446 1234 630 1300 exsolveret
666 1232 875 1318 obturbabant
901 1235 1028 1318 quidem
1053 1245 1157 1320 patres

133 1332 237 1416 specie
254 1329 445 1405 detestandi,
464 1329 520 1394 sed
536 1327 720 1414 penetrabat
736 1350 834 1413 pavor
851 1338 883 1393 et
900 1329 1076 1407 admiratio,
1096 1329 1159 1394 cal-

132 1425 230 1488 lidum
248 1424 324 1488 olim
343 1432 374 1487 et
391 1423 532 1509 tegendis
552 1421 721 1488 sceleribus
740 1421 907 1488 obscurum
925 1423 988 1488 buc
1001 1423 1159 1489 confiden-

135 1519 193 1583 tiae
219 1519 361 1594 vcnisse,
388 1527 423 1581 ut
448 1526 608 1600 tamquam
634 1516 759 1582 dimotis
784 1513 954 1601 parielibus
981 1518 1159 1582 ostenderet

134 1623 279 1697 nepotem
294 1611 354 1676 sub
364 1609 492 1675 verbere
506 1608 706 1685 centurionis,
725 1609 805 1674 inter
819 1633 979 1676 servorum
992 1610 1083 1687 ictus,
1103 1633 1158 1676 ex-

135 1717 232 1772 trema
248 1707 333 1770 vitae
351 1705 498 1770 alimenta
514 1703 631 1768 frustra
648 1713 798 1769 orantem.

195 1800 346 1864 Nondum
363 1799 390 1864 is
409 1798 497 1864 dolor
514 1796 705 1875 exoleverat,
725 1819 797 1862 cum
814 1799 854 1862 de
870 1797 1048 1885 Agrippina
1069 1799 1157 1864 audi·
1177 1803 1204 1849 ³¹

135 1901 214 1972 tum,
240 1917 338 1978 quam
358 1891 520 1958 interfecto
539 1890 656 1957 Seiano
680 1914 736 1977 spe
754 1902 960 1957 sustentatam
981 1893 1157 1976 provixisse
1170 1867 1210 1918 (ᾗ)

135 2010 210 2065 reor,
229 1999 262 2053 et
278 1997 447 2074 postquam
463 1985 540 2051 nihil
557 1986 597 2051 de
615 1985 746 2050 saevitia
757 1985 981 2061 remittebatur,
1000 1985 1159 2050 voluntate

136 2083 330 2159 exstinctam,
348 2081 410 2146 nisi
428 2081 455 2146 si
472 2080 594 2167 negatis
613 2078 769 2144 alimentis
787 2079 993 2142 adsimulatus
1011 2087 1060 2144 est
1077 2077 1158 2154 finis,

136 2176 187 2257 qui
204 2177 363 2241 videretur
382 2183 491 2260 sponte
510 2182 669 2259 sumptus:
697 2173 856 2236 enimvero
875 2170 1020 2236 Tiberius
1044 2169 1160 2234 foedis-

137 2269 220 2335 simis
232 2269 499 2337 criminationibus
513 2269 639 2345 exarsit,
654 2266 881 2352 impudicitiam
895 2287 1030 2352 arguens
1045 2262 1160 2328 etAsi-

137 2363 220 2428 nium
239 2361 368 2430 Gallum
387 2363 576 2439 adulterum,
595 2362 726 2444 eiusque
743 2370 843 2426 morte
861 2361 902 2426 ud
921 2360 1057 2425 taedium
1076 2358 1158 2422 vitae

137 2459 331 2543 conpulsam3
368 2457 424 2522 sed
450 2455 629 2542 Agrippina
658 2457 751 2539 aequi
780 2455 949 2541 inpatiens,
977 2452 1159 2520 dominandi

137 2552 240 2629 avida,
258 2551 401 2616 virilibus
419 2551 501 2616 curis
520 2549 707 2616 seminarum
725 2550 800 2616 vitia
818 2560 955 2616 exuerat.
979 2549 1090 2614 eodem
1108 2546 1158 2612 die

136 2647 328 2725 defunctam,
347 2669 410 2731 quo
428 2647 553 2712 biennio
572 2656 643 2712 ante
663 2644 797 2712 Seianus
814 2669 932 2731 poenas
950 2645 1075 2722 luisset,
1093 2666 1159 2708 me-

137 2743 312 2826 moriaeque
325 2743 359 2805 id
370 2741 567 2827 prodendum
585 2741 705 2806 addidit
715 2739 843 2819 Caesar,
866 2740 1055 2823 iactavitque
1072 2738 1158 2820 quod

136 2858 197 2906 non
212 2837 326 2920 laqueo
345 2836 539 2922 strangulata
556 2857 657 2919 neque
674 2836 708 2900 in
721 2832 893 2900 Gemonias
911 2834 1049 2918 proiecta
1067 2831 1158 2895 foret.

137 2941 220 2997 actae
240 2931 280 2997 ob
303 2931 336 2996 id
352 2941 457 3017 grates
476 2931 698 3013 decretumque
720 2939 755 2994 ut
772 2926 1072 3012 quintumdecimum
1095 2925 1158 2988 kal.

136 3025 335 3104 Novembris,
358 3027 519 3110 utriusque
536 3027 622 3092 necis
641 3026 705 3102 die,
729 3022 905 3110 peremnis
924 3042 1023 3086 annos
1041 3019 1160 3083 donum

137 3121 202 3190 Iovi
221 3130 404 3188 sacraretur.
806 3193 811 3200 .

196 3216 297 3280 Haud
313 3214 411 3280 multo
428 3224 501 3299 post
515 3213 668 3280 Cocceius
681 3211 795 3288 Nerva,
815 3208 980 3274 continuus
998 3203 1158 3292 principis,
1179 3215 1210 3261 32

138 3311 235 3375 omnis
254 3309 352 3374 divini
369 3308 559 3392 humanique
582 3309 658 3373 iuris
682 3307 798 3382 sciens,
825 3304 947 3389 integro
966 3310 1062 3377 statu,
1091 3322 1158 3366 cor·
1173 3279 1215 3331 ‘²⁶'

137 3425 210 3487 pore
226 3404 361 3480 inlaeso,
388 3402 542 3468 moriendi
564 3402 727 3469 consilium
751 3399 847 3486 cepit3
874 3398 958 3482 quod
981 3406 1014 3462 ut
1032 3395 1159 3462 Tiberio

137 3499 308 3584 cognitum,
327 3498 484 3575 adsidere,
512 3521 623 3562 carisas
641 3496 811 3580 requirere,
835 3493 948 3562 addere
965 3514 1089 3579 preces,
1112 3490 1160 3554 sa·

137 3594 191 3657 teri
217 3603 376 3678 postremo
402 3614 499 3678 grave
522 3591 744 3668 conscientiae,
771 3612 868 3678 grave
885 3590 988 3656 famae
1015 3608 1104 3662 suae,
1132 3584 1160 3648 si

137 3687 295 3769 proximus
318 3686 491 3750 amicorum
512 3685 606 3750 nullis
628 3683 781 3750 moriendi
800 3683 973 3750 rationibus
991 3681 1088 3743 vitam
1110 3676 1160 3738 su-

136 3789 235 3864 geret:
264 3790 427 3845 aversatus
446 3801 622 3845 sermonem
638 3779 744 3844 Nerva
765 3775 985 3842 abstinentiam
1007 3769 1069 3834 cibi
1086 3790 1161 3832 con-

136 3873 241 3940 iunxit
274 3874 417 3940 forebant
433 3875 523 3961 gnari
545 3867 768 3960 cogitationum
790 3871 871 3945 eius,
898 3875 1015 3950 quanto
1031 3861 1159 3947 propius

135 3969 216 4034 mala
232 3970 278 4034 rei
295 3969 440 4054 publicae
457 3970 585 4045 viseret,
603 3969 650 4034 ira
667 3977 699 4032 et
715 3975 815 4039 metu,
834 3964 910 4027 dum
927 3961 1062 4044 integer,
1085 3957 1160 4020 dum

135 4063 351 4151 intemptatus,
374 4064 541 4150 honestum
558 4064 653 4128 finem
674 4059 818 4126 voluisse.

199 4159 350 4226 Ceterum
359 4157 554 4244 Agrippinae
563 4155 727 4242 pernicies,
742 4151 827 4235 quod
836 4150 889 4216 vix
899 4147 1055 4228 credibile,
1065 4147 1161 4214 Plan-
