2960 4962
412 423 620 482 ANNALIUM
637 417 712 482 LlB.
727 428 779 482 111.
798 428 918 484 44-48.
1113 421 1172 485 lOl

138 531 158 568 p.
169 519 213 558 cu.
224 520 262 558 ιι,

136 608 212 651 men
230 585 422 670 pudendum
443 583 521 668 ipsis
544 585 629 667 quod
647 583 888 652 Germaniarum
910 587 1045 653 victores
1065 591 1176 655 adver-

136 704 210 745 sum
232 677 350 744 Gallos
373 687 535 761 tamquam
556 679 590 742 in
607 679 730 744 hostem
748 680 944 745 ducerentur.
973 705 1055 761 „una
1076 707 1176 769 nuper

135 774 256 838 cohors
290 771 442 836 rebellem
468 771 644 850 Turonum,
676 796 739 838 una
765 774 815 838 ala
841 774 1027 853 Treverum,
1057 799 1176 862 paucae

135 868 235 933 buius
246 867 351 952 ipsius
361 867 517 931 exercitus
527 875 646 932 tmmae
655 869 861 955 profligavere
872 867 1176 956 Sequanosrquanto

135 963 279 1047 pecunia
302 961 383 1026 dites
407 971 439 1025 et
460 961 672 1047 voluptatibus
695 964 875 1049 opulentos,
902 973 989 1030 tanto
1010 967 1112 1052 magis
1129 968 1177 1030 in-

136 1057 240 1122 belles
264 1053 402 1120 Aeduos
425 1055 557 1120 evincite
580 1064 612 1120 et
633 1057 826 1143 fugientibus
849 1059 1032 1123 consulite.“
1063 1060 1175 1146 ingens

135 1152 176 1215 ad
199 1173 243 1214 ea
266 1151 402 1226 clamor,
429 1161 461 1213 et
482 1149 681 1214 circumfudit
703 1173 813 1235 eques,
840 1152 1037 1236 frontemque
1054 1155 1175 1240 pedites

136 1247 303 1322 invasere3
322 1267 382 1309 nec
401 1253 579 1310 cunctatum
597 1247 683 1331 apud
699 1247 811 1312 latera:
829 1248 958 1333 paulmn
971 1271 1077 1314 morae
1094 1260 1176 1314 attu-

136 1339 201 1404 lere
215 1339 338 1415 ferrati,
357 1338 548 1403 restantibus
561 1338 719 1406 lamminis
732 1341 900 1406 adversum
912 1342 977 1428 pila
990 1353 1021 1407 et
1037 1343 1175 1429 gladios;

137 1435 197 1498 sed
214 1433 310 1497 miles
324 1432 475 1516 correptis
490 1433 651 1499 securibus
666 1444 697 1499 et
710 1433 856 1512 dolabris,
873 1445 910 1500 ut
926 1436 955 1500 si
968 1459 1092 1501 murum
1104 1459 1175 1522 per-

136 1537 316 1613 rumperet,
341 1527 471 1591 caedere
494 1527 633 1613 tegmina
655 1537 686 1593 et
708 1550 850 1614 corpora3
877 1531 1004 1614 quidam
1030 1531 1173 1596 trudibus

136 1632 192 1686 aut
209 1621 314 1686 furcis
339 1621 471 1685 inertem
493 1622 607 1686 molem
630 1632 838 1707 prosternere,
861 1623 1060 1710 iacentesque
1086 1625 1173 1691 nullo

137 1717 179 1780 ad
200 1715 438 1801 resurgendum
457 1714 531 1780 nisu
552 1717 643 1798 quasi
669 1717 827 1782 exanimes
850 1717 1079 1802 linquebantur.
1114 1718 1174 1786 Sa-

137 1811 243 1874 crovir
259 1809 366 1894 primo
384 1807 666 1894 Augustodunum,
690 1811 762 1876 dein
779 1821 865 1875 metu
883 1811 1047 1878 deditionis
1064 1814 1099 1878 in
1115 1813 1174 1877 vil·

137 1903 202 1968 lam
227 1904 442 1990 propinquam
469 1925 541 1967 cum
566 1903 726 1970 fidissimis
753 1906 869 1991 pergit:
895 1905 958 1970 illie
984 1929 1043 1971 sua
1067 1929 1172 1984 manu,

137 1999 253 2083 reliqui
272 1997 391 2061 mutuis
409 1996 522 2062 ictibus
541 1997 696 2077 occidere3
714 1998 844 2063 incensa
862 2021 957 2084 super
973 1999 1049 2064 villa
1064 2021 1173 2064 omnes

139 2093 303 2158 cremavit.

204 2187 292 2252 Tum
311 2187 440 2251 demum
458 2187 603 2254 Tiberius
625 2198 728 2254 ortum
749 2197 968 2274 patratumque
990 2186 1107 2252 bellum
1125 2208 1174 2252 se-
1191 2205 1222 2256 47

140 2291 216 2346 natu
234 2281 378 2366 scripsit;
395 2303 500 2365 neque
518 2283 654 2369 dempsit
671 2292 726 2348 aut
743 2283 863 2348 addidit
880 2305 964 2360 vero,
984 2283 1040 2347 sed
1056 2282 1118 2348 fide
1136 2303 1174 2348 ac

141 2375 256 2441 virtute
272 2376 413 2462 legatos,
437 2398 471 2440 se
489 2377 626 2452 consiliis
646 2378 853 2464 superfuisse3
876 2377 970 2442 simul
987 2397 1099 2443 causas
1118 2399 1173 2443 cur

140 2493 205 2535 non
225 2471 313 2556 ipse,
339 2493 404 2535 non
420 2470 548 2536 Drusus
571 2471 703 2557 profecti
724 2473 765 2536 ad
786 2472 819 2536 id
840 2471 958 2537 bellum
975 2471 1090 2550 forent,
1118 2473 1173 2536 ad·
1200 2487 1201 2492 ’

141 2564 256 2642 iunxit,
284 2565 534 2651 magnitudinem
560 2567 682 2651 imperii
708 2567 874 2644 extollens,
901 2588 1003 2650 neque
1025 2566 1172 2631 decorum

141 2659 348 2744 principibus,
368 2659 395 2724 si
412 2682 475 2724 una
488 2659 624 2724 alterave
638 2661 746 2725 civitas
761 2661 873 2739 turbet,
892 2661 1041 2726 omissam
1052 2661 1172 2738 urbem,

142 2755 225 2818 unde
243 2754 278 2816 in
296 2753 402 2818 omnia
418 2754 573 2840 regimen:
591 2777 675 2819 nunc
688 2756 837 2839 quianon
854 2766 940 2820 metu
953 2756 1093 2832 ducatur,
1111 2755 1174 2819 itu-

142 2869 225 2925 rum,
253 2857 290 2911 ut
315 2848 494 2932 praesentia
519 2858 674 2934 spectaret
699 2859 971 2934 componeretque.
1008 2849 1174 2913 decrevere

142 2951 247 3025 patres
270 2951 348 3006 vota
368 2963 425 3026 pro
447 2942 550 3007 reditu
571 2942 638 3007 eius
662 2943 967 3029 supplicationesque
989 2951 1020 3005 et
1042 2941 1103 3005 alia
1120 2941 1175 3004 de·
1207 2941 1213 2958 '

144 3057 229 3100 cora:
248 3035 338 3100 solus
347 3034 516 3100 Dolabella
530 3034 706 3113 Cornelius,
722 3037 798 3099 dum
812 3035 928 3099 anteire
942 3044 1062 3098 ceteros
1075 3042 1173 3116 parat,

143 3130 314 3196 absurdam
331 3131 365 3194 in
387 3130 596 3195 adulationem
617 3152 821 3216 progressus,
845 3127 968 3192 censuit
988 3137 1024 3190 ut
1041 3147 1175 3192 ovanse

145 3224 323 3312 Campania
334 3225 445 3290 urbem
457 3225 612 3304 introiret;
629 3226 726 3312 igitur
739 3233 865 3289 secutae
880 3220 1026 3288 Caesaris
1044 3221 1174 3299 litterae,

144 3320 258 3402 quibus
286 3342 321 3384 se
346 3341 410 3384 non
436 3328 501 3384 tam
526 3341 663 3384 vacuum
684 3319 785 3406 gloria
806 3317 1020 3404 praedicabat,
1048 3325 1083 3381 ut
1103 3325 1176 3402 post

143 3413 357 3479 ferocissimas
383 3424 494 3499 gentes
520 3413 727 3498 perdomitas,
755 3422 800 3478 tot
825 3421 967 3498 receptos
989 3412 1023 3476 in
1048 3411 1176 3476 iuventa

144 3518 197 3574 aut
213 3519 338 3594 spretos
361 3508 550 3594 triumphos,
578 3509 642 3572 iam
660 3509 763 3574 senior
784 3507 1040 3595 peregrinationis
1064 3506 1175 3572 subur-

144 3603 243 3668 banae
262 3603 356 3667 inane
373 3603 547 3688 praemium
565 3611 693 3687 peteret.

208 3697 280 3764 Sub
302 3698 388 3763 idem
409 3707 548 3783 tempus,
571 3707 606 3762 ut
623 3721 707 3763 mors
732 3696 865 3784 Sulpicii
883 3696 1020 3781 Quirinii
1040 3693 1226 3779 publicisne

145 3793 304 3877 exsequiis
318 3792 577 3875 frequentaretur,
595 3793 706 3878 petivit
718 3817 738 3858 a
751 3802 871 3857 senatu.
894 3790 972 3854 nibil
985 3789 1026 3852 ad
1038 3796 1176 3851 veterem

145 3897 174 3952 et
181 3887 349 3973 patriciam
360 3884 572 3972 Sulpiciorum
586 3887 737 3951 familiam
747 3884 909 3966 Quirinius
918 3881 1075 3966 pertinuit,
1089 3888 1175 3946 ortua

144 3982 229 4068 apud
246 3980 454 4066 municipium
466 3981 658 4058 Lanuvium,
678 3980 735 4045 sed
752 3977 887 4062 impiger
904 3974 1032 4039 militiae
1050 3981 1082 4038 et
1099 3973 1176 4038 acri-

145 4075 203 4142 bus
226 4075 410 4140 ministeriis
433 4075 631 4140 consulatum
658 4072 718 4140 sub
740 4072 814 4135 divo
834 4067 999 4156 Augusto,
1026 4090 1100 4133 mox
1122 4091 1176 4133 ex-

145 4171 295 4259 pugnatis
317 4191 375 4255 per
398 4168 542 4236 Ciliciam
564 4165 856 4234 Homonadensium
878 4163 1013 4230 castellis
1040 4163 1177 4250 insignia
