3020 4958
318 441 381 506 262
669 447 851 504 CORNELII
864 447 997 502 TACITI

1235 549 1256 578 ι.
1267 550 1289 580 ι.
1300 541 1348 580 sur.

314 609 496 696 perfunctos
521 627 561 670 ne
587 603 771 670 nominatim
797 604 932 681 tradam,
959 603 1129 670 maioribus
1155 627 1266 672 eorum
1291 609 1349 673 tri·

315 704 474 769 buendum
485 711 577 786 puto,
595 722 668 764 narn
682 699 794 764 eteius
807 698 960 784 flagitium
974 709 1032 776 est,
1051 699 1105 783 qui
1118 700 1287 784 pecunmr
1305 701 1347 766 ob

314 797 428 862 delicta
445 795 549 880 potius
571 793 658 858 dedit
678 814 773 876 qnam
791 814 831 856 ne
852 791 1082 876 delinquerent3
1104 804 1196 858 notos
1218 816 1347 877 quoquc

315 891 435 976 equites
453 889 614 954 Romanos
635 909 747 971 operas
769 909 881 950 arenae
903 887 1082 971 promittere
1105 887 1231 974 subegit
1252 889 1346 954 donis

314 983 503 1072 ingentibus,
521 981 583 1045 nisi
601 980 686 1065 quod
702 1002 822 1046 merces
840 979 880 1045 ab
898 1003 936 1044 eo
954 981 1006 1065 qui
1025 981 1132 1046 iubere
1143 989 1258 1067 potest,
1277 983 1345 1046 vim

265 1101 297 1148 15
314 1076 509 1144 necessitatis
528 1075 627 1139 affert.
655 1084 817 1139 uelamen
834 1074 938 1138 adhue
958 1075 1085 1160 publico
1107 1075 1229 1140 theatro
1246 1075 1346 1140 deho-

314 1181 503 1246 nestaretur,
529 1168 664 1237 instituit
685 1168 776 1232 ludos
798 1168 994 1232 Iuvenalium
1015 1167 1184 1246 vocabulo,
1207 1170 1241 1233 in
1263 1192 1345 1253 quos

313 1266 433 1352 passim
450 1263 577 1328 nomina
588 1262 675 1328 data:
694 1284 757 1326 non
774 1261 919 1326 nobilitas
933 1262 1088 1347 cuiquam,
1107 1285 1170 1328 non
1182 1273 1271 1330 aetas
1290 1274 1347 1330 aut

314 1359 376 1424 acti
393 1359 527 1424 honores
549 1355 773 1441 impedimento
794 1377 857 1439 quo
874 1355 978 1420 minus
997 1353 1112 1421 Graeci
1129 1356 1278 1422 Latinive
1297 1357 1346 1421 hi-

314 1453 438 1518 strionis
457 1460 555 1515 anem
574 1460 754 1514 exercerent
766 1471 866 1532 usque
884 1450 925 1514 ad
942 1460 1051 1535 gestus
1065 1451 1239 1533 modosque
1257 1450 1346 1515 haud

313 1546 432 1622 viriles3
458 1544 534 1627 quin
556 1553 588 1606 et
609 1542 745 1608 feminae
770 1543 906 1608 illustres
927 1544 1081 1610 deformia
1102 1545 1261 1622 meditari3
1289 1568 1347 1610 ex-

313 1649 474 1722 tructaque
496 1637 580 1722 apud
602 1659 728 1714 nemus,
752 1638 837 1721 quod
858 1639 961 1704 navali
984 1649 1096 1726 stagno
1118 1639 1346 1724 circumposuit

311 1733 493 1818 Augustus,
517 1729 735 1795 conventicula
756 1740 788 1794 ct
805 1754 981 1816 cauponae,
1003 1743 1035 1798 et
1055 1734 1159 1818 posita
1175 1756 1257 1798 veno
1275 1733 1346 1800 irri-

312 1834 449 1891 tamenta
465 1823 567 1901 luxui,
591 1823 805 1909 dabanturque
824 1825 937 1910 stipes,
955 1848 1034 1910 quas
1052 1827 1127 1892 boni
1144 1827 1343 1905 necessitate,

311 1920 552 2004 intemperantes
570 1917 670 2004 gloria
687 1928 916 1984 consumerent.
938 1920 1010 1985 inde
1024 1921 1156 2006 gliscere
1173 1921 1294 2006 flagitia
1312 1933 1344 1986 et

240 2017 250 2028 “
312 2011 457 2090 infamia3
482 2033 541 2077 nec
562 2011 627 2076 ulla
647 2011 787 2077 moribus
810 2012 885 2077 olim
907 2015 1060 2099 corruptis
1082 2014 1154 2101 plus
1175 2013 1344 2080 libidinum

312 2105 516 2174 circumdedit
538 2128 633 2190 quam
655 2105 709 2170 illa
726 2107 891 2172 colluvies.
912 2107 967 2172 vix
988 2108 1107 2174 artibus
1125 2109 1265 2174 honestis
1282 2132 1344 2194 pu·

312 2204 368 2267 dor
393 2201 555 2278 retinetur,
584 2199 700 2264 nedum
721 2201 802 2265 inter
827 2202 997 2266 certamina
1018 2202 1164 2267 vitiorum
1189 2202 1344 2287 pudicitia

311 2305 365 2360 aut
382 2295 535 2360 modestia
552 2304 606 2358 aut
623 2294 791 2377 quicquam
813 2294 903 2380 probi
920 2295 1015 2360 moris
1038 2306 1256 2361 reservaretur.
1283 2319 1344 2380 po·

311 2399 445 2454 stremus
468 2389 536 2474 ipse
559 2409 685 2454 scenam
703 2388 832 2465 incedit,
855 2389 953 2454 multa
971 2412 1045 2454 cura
1067 2399 1222 2476 temptans
1241 2389 1343 2455 citha-

309 2504 376 2546 ram
399 2492 430 2546 et
455 2481 685 2566 praemeditans
713 2482 931 2548 assistentibus
957 2483 1132 2569 phonascis.
1164 2497 1342 2550 accesserat

310 2573 420 2640 cohors
443 2573 590 2649 militurn,
614 2573 810 2640 centuriones
833 2576 1025 2661 tribunique,
1048 2587 1079 2642 et
1096 2600 1238 2643 maerens
1256 2578 1343 2644 Bur-

308 2690 361 2734 rus
384 2689 421 2732 ac
442 2667 589 2746 laudans3
616 2677 752 2754 tuncque
774 2669 911 2755 primum
933 2672 1101 2760 conscripti
1123 2684 1195 2738 sunt
1217 2675 1341 2758 equites

308 2761 444 2828 Romani
457 2771 666 2848 cognomento
675 2761 958 2850 Augustianorum,
974 2778 1075 2834 aetate
1089 2791 1126 2834 ac
1138 2768 1249 2834 robore
1264 2791 1341 2833 con-

309 2853 409 2943 spicui
430 2866 462 2922 et
482 2877 555 2943 pars
577 2856 704 2945 ingenio
730 2881 893 2944 procaces,
921 2862 973 2926 alii
995 2862 1028 2926 in
1054 2884 1141 2948 spem
1166 2864 1339 2948 potentiae:

308 2949 341 3016 hi
362 2949 429 3018 dies
452 2973 490 3018 ac
512 2962 620 3019 noctes
642 2952 805 3040 plausibus
826 2977 1010 3040 personare,
1032 2956 1166 3024 formam
1188 2957 1340 3043 principis

307 3065 480 3131 vocemque
497 3046 592 3112 deum
604 3047 765 3114 vocabulis
783 3049 990 3135 appellantem
1010 3050 1101 3134 quasi
1117 3073 1174 3136 per
1190 3051 1340 3116 virtutem

308 3141 382 3207 olari
400 3140 604 3226 honoratique
621 3165 725 3230 agere.

258 3255 288 3305 te
371 3233 419 3300 Ne
441 3244 546 3301 temen
567 3236 705 3303 ludicrae
728 3247 847 3304 tantum
873 3237 1069 3324 imperatoris
1091 3249 1174 3306 artes
1195 3248 1345 3332 notesce-¹

306 3335 384 3402 rent,
404 3328 577 3393 carminum
590 3351 715 3414 quoque
730 3332 868 3398 studium
886 3332 1064 3411 adfectavit,
1084 3333 1248 3398 contractis
1268 3334 1339 3418 qui·

306 3417 366 3484 bus
384 3417 489 3500 aliqua
505 3423 665 3506 pangendi
682 3423 815 3489 facultas
837 3447 897 3490 nec
915 3426 990 3491 dum
1007 3426 1139 3513 insignis
1158 3430 1337 3492 auctoritas:

306 3511 338 3576 lu'
355 3510 450 3574 cenati
464 3512 626 3578 considere
640 3515 732 3581 simul
751 3527 781 3582 et
795 3516 905 3584 allatos
919 3519 970 3585 vel
983 3519 1099 3586 ibidem
1111 3529 1252 3606 repertos
1266 3542 1339 3585 ver-

307 3625 360 3671 sus
383 3614 566 3671 connectere
593 3615 686 3690 atquo
708 3609 807 3694 ipsius
829 3611 927 3679 verba
952 3636 1078 3698 quoquo
1100 3615 1194 3680 modo
1215 3614 1338 3701 prolata

307 3699 465 3788 supplere,
489 3701 574 3786 quod
592 3702 712 3788 species
730 3704 801 3790 ipsa
818 3709 991 3775 carminum
1008 3709 1113 3787 docet,
1136 3731 1199 3776 non
1216 3709 1338 3794 impetu

306 3805 337 3860 et
358 3795 507 3862 instinctu
525 3817 583 3862 neo
600 3819 653 3863 ore
676 3820 739 3865 uno
756 3799 866 3868 fluens.
893 3803 987 3868 etiarn
1010 3803 1180 3889 sapientiae
1202 3803 1338 3868 doctori-

305 3888 365 3956 bus
385 3900 507 3978 tempus
526 3890 723 3979 impertiebat
744 3905 817 3981 post
838 3895 961 3982 epulas,
984 3905 1082 3980 utque
1104 3895 1259 3962 contraria
1280 3895 1337 3960 ad-

306 3987 514 4052 severantium
533 3987 688 4054 discordia
706 3990 873 4070 frueretur;
896 4014 954 4058 nec
973 3992 1102 4058 deerant
1118 3992 1173 4075 qui
1195 4014 1249 4058 ore
1266 3992 1337 4056 vul-

304 4086 400 4162 tuque
419 4081 499 4146 tristi
516 4081 596 4148 inter
614 4082 840 4152 oblectamenta
857 4086 945 4172 regia
962 4086 1097 4174 spectari
1114 4095 1273 4171 cuperent.

253 4185 284 4234 tt
371 4169 438 4236 Sub
460 4173 543 4240 idem
567 4184 690 4262 tempus
712 4178 774 4244 levi
800 4179 888 4246 initio
913 4190 1003 4246 atrox
1029 4179 1141 4246 caedes
1164 4189 1232 4245 orta
1254 4179 1336 4246 inter
