2958 4960
326 477 369 543 40
677 482 861 541 oomuauu
874 479 1004 538 mmm

1246 579 1267 610 ι.
1277 581 1299 610 u.
1310 571 1354 610 aa.

283 687 286 696 ·
326 657 387 726 est,
408 646 482 712 satis
501 651 660 731 comperto
676 649 822 728 paternas
840 639 870 705 ei
886 638 1048 726 angustias
1067 657 1147 704 esse.
1171 638 1354 723 temptantis

327 743 436 808 eadem
458 740 536 806 alios
557 737 691 824 probare
713 758 840 802 causam
863 733 986 800 senatui
1006 733 1112 810 iussit,
1135 733 1286 818 cupidine
1309 755 1356 798 se-

326 835 465 902 veritatis
479 834 513 899 in
525 833 563 898 iis
577 832 672 897 etiam
685 853 766 915 quae
779 829 837 894 rite
849 829 976 906 faceret,
996 827 1141 905 acerbus3
1159 827 1247 891 unde
1261 826 1357 892 ceteri

328 931 485 996 silentium
511 938 543 993 et
567 934 782 1022 paupertatem
812 922 1004 989 confessioni
1029 931 1061 987 et
1086 921 1241 987 beneficio
1266 943 1358 1007 prae-

350 1047 470 1091 osuere.

278 1048 348 1188 rep
391 1117 516 1187 Eodem
534 1137 615 1181 anno
633 1112 787 1180 continuis
810 1112 961 1179 imbribus
984 1127 1095 1177 auctus
1114 1109 1239 1177 Tiberis
1261 1109 1359 1195 plana

327 1215 414 1281 urbis
439 1222 652 1300 stagnaverat3
674 1211 866 1278 relabentem
889 1219 997 1275 secuta
1018 1219 1067 1274 est
1088 1207 1304 1274 aedificiorum
1327 1212 1359 1268 et

327 1309 490 1375 hominnm
513 1316 649 1393 strages3
675 1306 772 1392 igitur
793 1304 915 1370 censuit
935 1301 1068 1369 Asinius
1092 1299 1204 1368 Gallus
1226 1308 1263 1364 ut
1284 1297 1359 1365 libri

330 1402 476 1488 Sibyllini
502 1401 673 1466 adirentur:
699 1399 802 1466 renuit
822 1399 983 1477 Tiberius,
1009 1396 1139 1484 perinde
1164 1394 1273 1460 divina
1299 1391 1359 1458 hu-

327 1517 482 1580 manaque
495 1495 661 1581 obtegens3
676 1494 733 1558 sed
745 1493 918 1558 remedium
931 1491 1095 1558 coercendi
1107 1488 1245 1554 fluminis
1260 1485 1358 1552 Ateio

330 1587 477 1674 Capitoni
500 1597 531 1654 et
552 1589 593 1653 L.
612 1587 764 1654 Arruntio
785 1587 978 1652 mandatum.
1008 1585 1164 1672 Achaiam
1187 1603 1225 1648 ac
1246 1580 1359 1646 Mace-

328 1684 454 1749 doniam
472 1705 567 1749 onera
584 1683 779 1768 deprecantis
801 1681 949 1746 levari‘in
970 1702 1118 1765 praesens
1139 1676 1359 1764 proconsulari

328 1778 458 1863 imperio
481 1777 623 1860 tradique
646 1775 777 1842 Caesari
797 1775 923 1861 placuit.
954 1773 1096 1840 Edendis
1119 1771 1358 1860 gladiatoribus,

328 1894 408 1956 quos
428 1869 608 1937 Germanici
625 1869 729 1936 fratris
748 1892 786 1935 ac
808 1892 866 1935 suo
888 1869 1014 1935 nomine
1036 1867 1204 1944 obtulerat,
1226 1865 1359 1930 Drusus

328 1966 498 2052 praesedit,
522 1988 711 2049 quamquam
729 1965 783 2028 vili
805 1964 958 2050 sanguine
975 1963 1068 2028 nimis
1090 1961 1247 2048 gaudens3
1270 1957 1360 2043 quod

329 2061 362 2125 in
379 2060 494 2148 vulgus
512 2059 762 2137 formidolosum,
785 2068 817 2123 et
833 2068 922 2143 pater
938 2057 1081 2144 arguisse
1102 2054 1273 2121 dicebatur.
1302 2075 1361 2118 cur

329 2155 514 2222 abstinuerit
541 2154 720 2241 spectaculo
743 2154 826 2240 ipse,
853 2153 939 2218 varie
964 2150 1143 2229 trahebant3
1174 2149 1228 2215 alii
1252 2148 1359 2213 taedio

330 2259 447 2328 coetus,
466 2250 593 2333 quidam
606 2250 730 2315 tristitia
741 2248 859 2334 ingenii
877 2258 909 2314 et
925 2257 1011 2312 metu
1023 2244 1264 2332 conparationis,
1282 2245 1361 2327 quia

329 2341 497 2428 Augustus
520 2345 650 2412 comiter
669 2343 877 2422 interfuisset3
898 2365 962 2408 non
983 2341 1168 2407 crediderim
1190 2339 1231 2404 ad
1252 2348 1361 2404 osten-

330 2436 458 2501 tandam
485 2437 647 2502 saevitiam
673 2437 906 2521 movendasque
932 2436 1040 2523 populi
1066 2435 1255 2500 offensiones
1283 2455 1361 2498 con-

330 2550 452 2594 cessam
469 2530 534 2595 filio
551 2531 721 2608 materiem,
740 2553 931 2615 quamquam
948 2531 980 2596 id
997 2529 1259 2614 quoque-dictum
1277 2537 1337 2594 est.

281 2639 312 2686 aa
394 2622 441 2687 At
458 2623 570 2689 theatri
586 2624 725 2701 licentia,
747 2625 891 2710 proximo
912 2624 1014 2710 priore
1037 2647 1119 2689 anno
1138 2633 1263 2709 coepta,
1286 2646 1362 2709 gra-

330 2715 400 2781 vius
423 2727 490 2781 tum
513 2718 628 2804 erupit,
650 2718 762 2782 occisis
784 2740 849 2783 non
869 2720 964 2784 modo
982 2741 1000 2783 e
1016 2717 1109 2804 plebe
1132 2718 1189 2784 sed
1206 2717 1360 2783 militibus

331 2819 362 2874 et
379 2811 574 2890 centurione,
597 2810 758 2878 vulnerato
776 2812 900 2878 tribuno
917 2813 1091 2898 praetoriae
1108 2811 1259 2890 cohortis,
1282 2813 1361 2878 dum

330 2902 446 2989 probra
470 2905 503 2970 in
528 2905 730 2992 magistratus
757 2916 789 2971 et
814 2907 1042 2972 dissensionem
1067 2907 1156 2993 vulgi
1181 2907 1360 2993 prohibent.

331 3009 436 3064 actum
454 3000 493 3065 de
512 3023 549 3066 ea
567 3001 719 3067 seditione
741 3001 825 3087 apud
841 3010 946 3087 patres
968 3000 1214 3086 dicebanturque
1233 3011 1361 3067 senten-

331 3094 401 3174 tiae,
419 3105 455 3160 ut
466 3095 661 3181 praetoribus
679 3097 728 3162 ius
741 3096 901 3183 virgarum
916 3095 951 3160 in
967 3095 1134 3162 histriones
1148 3105 1246 3162 esset:
1264 3096 1362 3162 inter-

331 3190 426 3255 cessit
447 3190 598 3256 Haterius
624 3189 783 3277 Agrippa,
810 3190 952 3256 tribunus
978 3188 1096 3276 plebei,
1124 3190 1361 3276 increpitusque

331 3293 379 3348 est
395 3285 502 3349 Asinii
520 3282 605 3350 Galli
622 3286 775 3362 oratione,
799 3285 909 3350 silente
928 3284 1069 3362 Tiberio,
1093 3284 1148 3367 qui
1171 3307 1210 3349 ea
1232 3285 1362 3350 simula-

331 3398 384 3441 cra
400 3377 551 3442 libertatis
574 3378 696 3442 senatui
712 3377 897 3463 praebebat3
919 3379 1018 3444 valuit
1040 3387 1145 3442 tamen
1166 3378 1361 3457 intercessio,

330 3468 405 3552 quia
422 3468 513 3535 divus
530 3469 698 3557 Augustus
715 3471 871 3536 immunes
889 3472 1056 3538 verberum
1073 3471 1242 3538 histriones
1260 3495 1363 3556 quon-

330 3563 403 3628 dam
420 3563 636 3648 responderat,
660 3585 762 3648 neque
779 3564 829 3630 fas
848 3566 974 3632 Tiberio
992 3567 1162 3656 infringere
1180 3567 1264 3632 dicta
1281 3569 1360 3634 eius.

331 3658 370 3723 de
387 3657 481 3723 modo
498 3657 612 3723 lucaris
631 3667 662 3723 et
680 3659 830 3725 adversus
843 3660 1004 3726 lasciviam
1018 3662 1176 3726 fautorum
1189 3661 1290 3727 multa
1307 3662 1363 3727 de-

331 3761 512 3832 cernuntur;
536 3775 575 3817 ex
593 3743 664 3836 quis
686 3754 824 3819 maxime
841 3755 990 3841 insignia,
1013 3778 1054 3820 ne
1071 3756 1183 3821 domos
1204 3757 1363 3841 pantomi-

331 3870 452 3913 morum
466 3855 591 3913 senator
602 3847 756 3926 introiret3
770 3870 810 3912 ne
819 3850 1013 3935 egredientes
1026 3851 1059 3914 in
1067 3849 1229 3935 publicum
1238 3851 1361 3934 equites

331 3943 466 4008 Romani
484 3943 655 4030 cingerent,
674 3954 729 4008 aut
746 3943 821 4010 alibi
833 3965 926 4027 quam
939 3943 974 4008 in
990 3945 1111 4010 theatro
1130 3953 1362 4030 spectarentur;

332 4045 362 4101 et
380 4038 587 4123 spectantium
600 4039 830 4105 immodestiam
844 4038 936 4103 exilio
948 4039 1100 4104 multandi
1112 4047 1252 4126 potestas
1269 4061 1362 4125 prae-

333 4129 451 4194 toribus
469 4129 564 4196 fieret.

283 4240 314 4290 78
396 4223 563 4309 Templum
586 4237 619 4291 ut
641 4229 674 4292 in
700 4229 822 4295 colonia
844 4227 1071 4294 Tarraconensi
1097 4237 1268 4295 strueretur
1290 4229 1360 4294 Au-
