3042 4956
437 475 951 535 auulmulrnm.xn.1s-1r.
1138 469 1203 536 205

177 572 246 622 ach.
256 573 290 610 49.

175 662 267 724 quam
276 637 423 714 Didium,
438 637 549 701 ducem
558 635 746 710 Romanum,
759 634 916 721 roburque
930 638 1083 704 exercitus
1097 637 1201 704 abisse

174 741 375 820 cognoverat,
393 732 517 796 relictos
535 732 568 795 in
580 753 662 796 novo
679 753 777 817 regno
792 730 897 817 Cotyn
908 732 1036 798 iuventa
1047 734 1157 798 rudem
1171 748 1202 798 et

172 849 291 913 paucas
310 826 487 891 cohortium
500 847 572 890 cum
584 825 667 891 Iulio
680 823 808 909 Aquila,
827 828 930 910 equite
944 826 1097 905 Romano,
1116 851 1202 913 spre-

172 923 211 986 tis
228 921 374 1004 utrisque
397 920 519 986 concire
540 920 697 998 nationes,
720 920 837 985 illicere
857 920 1022 1007 perfugam
1043 931 1202 1006 postremo

171 1015 313 1080 exercitu
331 1023 440 1080 coacto
457 1035 564 1100 regem
577 1013 831 1078 Dandaridarum
849 1015 994 1080 exturbat
1010 1016 1202 1102 imperioque

171 1111 239 1174 eius
261 1109 390 1194 potitur.
417 1130 497 1192 quae
519 1107 575 1172 ubi
596 1108 723 1194 cognita
744 1117 776 1172 et
795 1108 861 1173 iam
882 1109 1006 1193 iamque
1024 1109 1203 1195 Bosporum

170 1204 341 1268 invasurus
359 1201 541 1279 habebatur,
561 1201 659 1266 diffisi
675 1202 808 1287 propriis
826 1202 944 1268 viribus
957 1203 1076 1287 Aquila
1094 1213 1125 1268 et
1139 1202 1203 1268 Co-

171 1298 338 1382 tys,·quia
354 1297 515 1373 Zorsines,
540 1295 721 1362 Siracorum
741 1319 811 1375 rex,
834 1297 960 1364 hostilia
980 1307 1200 1383 resumpserat,

172 1403 320 1456 externas
338 1400 370 1456 et
390 1389 452 1477 ipsi
473 1392 589 1477 gratias
612 1392 795 1475 quaesivere
816 1393 921 1458 missis
943 1393 1055 1479 legatis
1077 1395 1119 1458 ad
1135 1391 1203 1457 Eu-

171 1507 289 1562 nonen,
308 1485 363 1568 qui
375 1484 550 1550 Aorsorum
568 1486 655 1571 genti
671 1486 882 1571 praesidebat:
899 1510 958 1553 nec
975 1488 1035 1552 fuit
1052 1488 1085 1553 in
1102 1488 1201 1556 arduo

173 1580 309 1644 societas
326 1578 497 1664 potentiam
510 1579 689 1644 Romanam
707 1581 857 1646 adversus
874 1582 1022 1647 rebellem
1034 1581 1201 1646 Mithrida-

171 1684 227 1738 ten
243 1673 486 1752 ostentantibus3
504 1675 600 1760 igitur
611 1675 769 1760 pepigere,
788 1677 983 1760 equestribus
995 1677 1121 1763 proeliis
1133 1675 1201 1742 Eu-

171 1791 273 1833 nones
291 1776 436 1845 oertaret,
455 1768 577 1834 obsidia
594 1769 720 1834 urbium
735 1767 872 1836 Romani
889 1782 1096 1858 capesserent.

237 1862 331 1927 Tunc
340 1863 512 1948 composito
521 1863 646 1950 agmine
659 1855 818 1943 incedunt,
832 1866 921 1930 cuius
930 1867 1064 1931 frontem
1072 1876 1105 1931 et
1113 1875 1201 1952 terga
1221 1885 1251 1932 16

171 1956 284 2034 Aorsi,
307 1956 412 2021 media
429 1955 571 2023 cohortes
590 1967 622 2023 et
638 1958 816 2044 Bosporani
838 1959 1019 2025 tutabantur
1035 1959 1150 2044 nostris
1168 1960 1201 2023 in

172 2051 283 2115 armis:
298 2051 343 2116 sic
355 2051 466 2136 pulsus
479 2050 594 2130 hostis3
607 2062 799 2136 ventumque
813 2050 940 2130 Sozam,
954 2053 1103 2138 oppidum
1111 2051 1202 2116 Dan-

172 2144 313 2223 daricae,
335 2147 421 2229 quod
443 2147 600 2213 desertum
618 2171 637 2212 a
654 2147 838 2212 Mithridate
860 2147 901 2213 ob
919 2147 1084 2233 ambiguos
1101 2169 1202 2233 popu-

171 2239 286 2304 larium
303 2241 439 2318 animos,
463 2241 595 2306 obtineri
612 2242 720 2306 relicto
737 2241 782 2307 ibi
803 2243 960 2328 praesidio
977 2242 1094 2319 visum3
1117 2241 1201 2306 exim

170 2334 205 2396 in
221 2331 348 2398 Siracos
361 2344 505 2420 pergunt,
525 2344 556 2400 et
570 2337 757 2423 transgressi
770 2359 894 2401 amnem
907 2335 1050 2401 Pandam
1069 2336 1201 2400 circum-

171 2427 303 2490 veniunt
320 2426 430 2492 urbem
447 2428 574 2515 Uspen,
597 2429 714 2495 editam
730 2431 800 2497 loeo
818 2442 849 2497 et
867 2430 1031 2497 moenibus
1049 2452 1086 2496 ac
1103 2430 1200 2495 fossis

170 2521 340 2598 munitam,
363 2521 424 2586 nisi
442 2522 526 2607 quod
543 2523 667 2589 moenia
688 2548 753 2590 non
775 2549 853 2592 saxo
872 2527 929 2591 sed
949 2524 1086 2591 cratibus
1105 2535 1136 2589 et
1153 2524 1201 2588 vi-

170 2615 286 2679 mentis
296 2637 333 2680 ac
341 2617 445 2680 media
453 2615 549 2683 humo
559 2619 727 2684 adversum
734 2620 941 2706 irrumpentes
950 2620 1087 2686 invalida
1095 2627 1198 2697 erant3

170 2708 365 2792 eductaeque
379 2710 471 2775 altius
484 2722 585 2777 turres
599 2712 722 2778 facibus
735 2724 830 2798 atque
846 2714 945 2781 hastis
964 2713 1131 2780 turbabant
1144 2711 1201 2778 ob-

170 2823 292 2879 sessos,
315 2825 353 2867 ac
369 2804 403 2868 ni
420 2805 572 2890 proelium
589 2830 653 2872 nox
670 2809 861 2887 diremisset,
884 2818 995 2895 coepta
1015 2817 1199 2894 patrataque

171 2896 363 2981 expugnatio
382 2899 516 2963 eundem
533 2900 615 2968 intra
632 2902 716 2966 diem
733 2902 824 2967 foret.

235 2988 369 3056 Postero
382 2992 495 3058 misere
507 2994 639 3081 legatos,
653 2996 777 3060 veniam
790 2995 896 3061 liberis
911 2994 1092 3080 corporibus
1108 3017 1199 3059 oran-
1219 3015 1249 3059 lt

170 3093 236 3161 tes3
259 3085 377 3150 servitii
398 3087 508 3152 decem
529 3089 615 3154 milia
636 3089 824 3154 offerebant:
847 3089 932 3173 quod
953 3087 1110 3173 aspernati
1128 3097 1200 3150 sunt

170 3179 314 3256 victores,
332 3180 407 3263 quia
419 3182 574 3247 trucidare
591 3183 714 3248 deditos
733 3205 872 3259 saevum,
891 3191 1010 3246 tantam
1027 3179 1201 3243 multitudi-

170 3294 245 3336 nem
266 3274 408 3339 custodia
429 3275 554 3362 cingere
576 3278 723 3341 arduum:
747 3286 781 3341 at
800 3276 876 3342 belli
896 3276 1001 3362 potius
1018 3274 1086 3340 iure
1108 3273 1200 3338 cadc-

170 3375 254 3445 rent;
280 3367 450 3452 datumque
476 3371 642 3449 militibus,
670 3371 724 3455 qui
747 3371 840 3437 scalis
866 3380 1044 3450 evaserant,
1072 3369 1198 3456 signum

171 3461 286 3525 caedis.
309 3463 431 3528 excidio
444 3463 638 3549 Uspensium
651 3476 753 3531 metus
772 3466 882 3532 ceteris
895 3467 1036 3544 iniectus,
1055 3464 1132 3530 nihil
1150 3474 1199 3529 tu-

169 3565 237 3618 tum
254 3556 345 3634 ratis,
365 3579 437 3621 cum
454 3581 554 3635 arma,
573 3560 780 3639 munimenta,
799 3562 940 3648 impediti
957 3561 1008 3626 vel
1026 3560 1198 3625 eminentes

169 3648 241 3725 loci,
260 3672 430 3734 amnesque
449 3662 480 3717 et
495 3653 590 3718 urbes
604 3653 691 3718 iuxta
708 3665 994 3742 perrumperentur3
1012 3656 1108 3740 igitur
1120 3653 1199 3717 Zor-

170 3742 269 3819 sines,
292 3743 346 3808 diu
367 3745 523 3830 pensitato
540 3746 774 3814 Mithridatisne
794 3750 889 3814 rebus
912 3748 1058 3812 extremis
1081 3769 1122 3810 an
1143 3767 1200 3829 pa-

169 3837 229 3901 trio
245 3859 344 3922 regno
357 3839 542 3918 consuleret,
560 3851 728 3926 postquam
740 3841 914 3928 praevaluit
926 3840 1052 3926 gentilis
1069 3838 1197 3913 utilitas,

169 3931 251 3997 datis
269 3933 433 4000 obsidibus
452 3937 536 4021 apud
553 3937 693 4024 effigiem
712 3937 858 4002 caesaris
880 3934 1059 4021 procubuit,
1082 3955 1199 4017 magna

168 4026 270 4112 gloria
282 4029 437 4095 exercitus
451 4030 596 4109 Romani,
615 4054 709 4115 quem
722 4031 919 4096 incruentum
937 4037 969 4094 ct
980 4028 1130 4092 victorem
1144 4027 1197 4089 tri-

168 4119 223 4186 dui
236 4122 345 4188 itinere
355 4124 496 4192 abfuisse
510 4126 550 4192 ab
564 4149 655 4192 amne
665 4125 766 4191 Tanai
775 4125 921 4190 constitit.
941 4123 995 4189 sed
1009 4123 1198 4208 inregressu

168 4213 276 4300 disper
292 4216 418 4284 fortuna
435 4219 507 4298 suit,
531 4221 605 4305 quia
621 4220 749 4286 navium
766 4220 933 4304 quaedam,
956 4239 1036 4303 quae
1054 4217 1132 4284 mari
1148 4239 1198 4284 re·
