2958 4960
432 469 640 529 ANNALIUM
656 469 731 525 LIB.
744 471 767 526 L
785 472 905 527 10-13.
1140 465 1176 526 ll

150 563 274 616 acan.

149 633 247 698 rebus
276 653 354 715 quas
380 651 446 694 non
471 628 638 705 occuleret,
666 649 723 693 seu
748 637 859 694 natura
884 629 950 696 sive
976 631 1181 698 adsuetudine
1245 625 1248 631 ’

150 749 310 812 suspensa
331 745 458 810 semper
480 733 511 788 et
533 723 667 787 obscura
689 721 799 787 verba:
823 732 897 788 tuno
919 747 993 789 vero
1014 725 1124 790 nitenti
1146 736 1180 790 ut

149 843 267 886 sensus
289 841 365 885 suos
391 817 516 904 penitus
539 816 679 894 abderet,
705 817 739 880 in
763 817 916 882 incertum
942 827 974 882 et
998 819 1181 906 ambiguum

148 914 255 1002 magis
273 912 524 998 implicabantur.
547 920 580 977 at
595 919 715 996 patres,
738 910 852 994 quibus
870 933 952 976 unus
970 921 1072 977 metus
1091 914 1119 978 si
1135 915 1182 978 in-

148 1008 301 1094 tellegere
316 1008 504 1082 viderentur,
522 1006 555 1070 in
572 1014 712 1089 questus,
731 1004 886 1082 lacrimas,
905 1016 978 1071 vota
991 1007 1123 1086 effundi3
1141 1009 1182 1074 ad

149 1104 240 1180 deos,
259 1103 302 1166 ad
315 1101 454 1187 effigiem
467 1099 616 1186 Augusti,
635 1100 676 1164 ad
688 1119 793 1185 genua
809 1099 909 1184 ipsius
922 1123 1034 1166 manus
1044 1102 1181 1179 tendere,

150 1219 224 1261 cum
238 1195 373 1281 proferri
386 1193 525 1259 libellum
538 1193 721 1276 recitarique
735 1193 839 1258 iussit:
857 1215 934 1278 opes
947 1193 1092 1279 publicae
1109 1217 1183 1260 con·

150 1290 347 1366 tinebantur,
371 1298 522 1373 quantum
544 1286 660 1352 civium
683 1287 900 1371 sociorumque
923 1288 1083 1367 inarmis,
1106 1298 1183 1374 quot

151 1387 288 1462 classes;
306 1405 415 1468 regna,
433 1382 621 1467 provinciae,
639 1379 756 1446 tributa
772 1390 826 1446 aut
843 1382 1009 1469 vectigalia
1026 1392 1058 1448 et
1073 1403 1183 1448 neces-

152 1479 262 1544 sitates
281 1499 320 1542 ac
338 1477 533 1562 largitiones;
551 1496 632 1560 quae
650 1483 763 1540 cuncta
781 1499 838 1540 sua
850 1499 945 1540 manu
958 1476 1182 1562 perscripserat

152 1574 323 1659 Augustus
337 1571 559 1654 addideratque
573 1569 738 1634 consilium
755 1570 918 1634 coercendi
935 1571 1015 1636 intra
1032 1571 1180 1636 terminos

152 1666 291 1753 imperii,
309 1666 463 1730 incertum
482 1673 569 1728 metu
586 1687 627 1728 an
643 1685 701 1748 per
717 1662 875 1728 invidiam.

216 1761 306 1824 Inter
318 1781 400 1842 quae
413 1767 523 1824 senatu
536 1758 576 1822 ad
589 1757 712 1822 infimas
722 1756 944 1823 obtestationes
958 1758 1181 1844 procumbente
1202 1777 1231 1824 ra

152 1855 231 1919 dixit
239 1853 473 1919 forteTiberius
483 1875 517 1918 se
526 1862 562 1916 ut
570 1875 633 1917 non
641 1851 697 1916 toti
706 1851 751 1916 rei
759 1852 1024 1938 publicaeparem,
1032 1853 1078 1918 ita
1087 1876 1182 1938 quae-

153 1947 648 2032 eumqueparssibimandaretur,
659 1945 860 2011 eiustutelam
871 1956 1103 2032 suscepturum
1114 1956 1181 2010 tum

154 2042 287 2108 Asinius
302 2037 429 2107 Gallus:
446 2041 651 2127 „interrogo,“
665 2041 775 2123 inquit,
792 2039 941 2120 „Caesar
952 2062 1046 2123 quarn
1059 2050 1180 2124 partem

155 2135 356 2221 reipublicae
369 2134 510 2200 mandari
527 2133 584 2199 tibi
600 2134 709 2199 velis.“
732 2133 895 2218 perculsus
913 2133 1073 2218 inprovisa
1088 2133 1182 2197 inter-

155 2231 315 2317 rogatione
336 2229 466 2315 paulum
486 2229 621 2292 reticuit:
649 2228 722 2292 dein
739 2226 869 2292 collecto
891 2227 995 2292 animo
1021 2226 1183 2310 respondit

156 2345 354 2409 nequaquam
372 2324 520 2388 decorum
536 2323 649 2408 pudori
666 2345 724 2386 suo
741 2321 846 2407 legere
864 2320 1048 2405 aliquidaut
1065 2320 1182 2386 evitare

156 2441 195 2483 ex
215 2440 269 2494 eo,
292 2418 344 2482 cui
361 2417 394 2481 in
415 2417 596 2482 universum
619 2416 762 2482 excusari
784 2415 898 2480 mallet.
926 2438 1049 2480 rursum
1069 2413 1181 2482 Gallus

156 2551 196 2560 -
213 2512 330 2577 etenim
347 2511 437 2576 vultu
454 2511 659 2576 offensionem
682 2509 909 2574 coniectaverat
926 2547 969 2558 -
985 2532 1049 2574 non
1065 2509 1181 2575 idcirco

155 2607 380 2692 interrogatum
394 2606 447 2683 ait,
465 2619 500 2670 ut
517 2605 669 2670 divideret
686 2625 767 2687 quae
781 2603 918 2690 separari
936 2603 1106 2688 nequirent,
1126 2603 1182 2668 scd

155 2709 190 2764 ut
206 2723 267 2765 sua
283 2699 480 2764 confessione
493 2716 675 2786 argueretur
692 2720 789 2761 unum
803 2719 873 2772 esse
890 2698 936 2762 rei
952 2697 1096 2782 publicae
1113 2718 1182 2762 cor-

154 2817 214 2879 pus
233 2805 327 2876 atque
344 2794 438 2860 unius
456 2794 560 2858 animo
573 2792 759 2878 regendum3
778 2792 898 2857 addidit
914 2791 1040 2856 laudem
1058 2791 1098 2854 de
1110 2789 1182 2854 Au-

155 2899 249 2974 gusto
263 2886 488 2971 Tiberiumque
505 2887 609 2994 ipsum
627 2887 826 2951 victoriarum
844 2909 972 2951 suarum
989 2905 1131 2990 quaeque
1148 2883 1182 2946 in

156 2994 230 3089 tqgn
242 3003 300 3066 per
312 2990 359 3046 tot
372 3003 472 3046 annos
486 2979 611 3089 egregie
625 2979 752 3044 fecisset
765 2979 940 3043 admonuit.
953 2976 1113 3041 neoideo'
1105 2998 1182 3039 rrum

156 3075 222 3139 eius
241 3075 363 3152 lenivit,
386 3074 533 3160 pridem
525 3074 660 3150 revisus,
682 3082 842 3155 tamquam
864 3070 1008 3135 ductam
1025 3068 1184 3132 matrimo-

156 3168 243 3232 nium
260 3168 428 3253 Vipsania,
446 3167 494 3232 M.
512 3166 675 3253 Agrippae
692 3165 771 3240 filia,
790 3185 871 3246 quae
889 3161 1046 3246 quondam
1065 3159 1183 3224 Tiberii

157 3284 235 3326 uxor
252 3262 364 3338 fuerat,
382 3262 454 3346 plus
471 3283 567 3345 quam
585 3261 687 3325 civilia
705 3259 837 3344 agitaret
851 3255 1065 3338 Pollionisque
1078 3253 1182 3318 Asinii

155 3357 252 3440 patrie
271 3355 421 3421 ferociam
438 3357 592 3421 retineret.
1273 3350 1276 3356 ’

219 3449 299 3514 Post
286 3450 437 3532 tqueeL.
447 3447 617 3515 Arruntius
630 3448 716 3512 haud
726 3447 858 3512 multum
871 3446 1052 3531 discrepans
1068 3401 1182 3510 auelli
1202 3462 1233 3509 13

156 3543 294 3608 oratione
307 3543 435 3628 perinde
449 3542 588 3620 offendit,
603 3563 793 3626 quamquam
807 3539 933 3606 Tiberio
947 3540 1033 3604 nulla
1045 3549 1136 3604 vetus
1150 3538 1182 3601 in

157 3637 364 3702 Arruntium
355 3661 415 3715 rra;
434 3639 490 3703 sed
504 3638 581 3702 divit
569 3647 641 3713 tem,
664 3645 851 3722 promptum,
871 3635 988 3701 artibus
1003 3634 1138 3720 egregiis
1152 3642 1183 3697 et

157 3731 222 3817 pari
235 3731 322 3796 fama
334 3729 468 3816 publice,
484 3731 693 3817 suspectabat.
716 3730 831 3814 quippe
845 3729 1012 3815 Augustus
1028 3726 1181 3811 supremis
1213 3807 1218 3815 Ι

156 3825 352 3890 sermonibus
367 3847 440 3890 cum
452 3835 607 3902 tractaret,
621 3825 749 3908 quinam
759 3823 890 3907 adipisci
898 3821 1070 3906 principem
1079 3817 1183 3882 locum

157 3918 317 3982 suffecturi
326 3919 497 3984 abnuerent
507 3928 561 3983 aut
569 3919 693 4002 inpares
702 3915 818 3980 vellent
824 3914 876 3979 vel
888 3914 983 3978 iidem
991 3920 1120 3997 possent
1129 3932 1183 3974 eu-

155 4022 337 4096 perentque,
350 4011 406 4076 Μ’.
416 4011 577 4098 Lepidum
589 4012 709 4076 dixerat
722 4030 870 4093 capacem
884 4007 940 4073 sed
954 4013 1180 4092 aspamantem,

157 4103 285 4190 Gallum
294 4104 443 4170 Asinium
452 4106 579 4170 avidum
587 4115 620 4170 et
632 4105 794 4179 minorem,
808 4101 849 4166 L.
859 4100 1045 4166 Arruntium
1058 4121 1122 4163 non
1133 4098 1182 4162 in-

156 4200 286 4286 dignum
302 4209 342 4276 et,
357 4199 384 4263 si
398 4221 489 4265 casus
504 4199 637 4275 daretur,
652 4219 812 4262 ausurum.
831 4197 871 4262 de
883 4193 1037 4282 prioribus
1051 4214 1182 4258 consen-
