2960 4962
332 437 394 506 158
475 519 478 526 ¹
678 446 1005 504 consummatur

1250 549 1272 580 a.
1282 551 1304 580 u.
1315 543 1371 582 ¹185.

329 617 462 697 mgeute
488 605 635 692 Agrippa
661 602 854 688 Sanquinius
879 604 1056 682 Maximus,
1084 625 1102 670 e
1128 606 1369 687 consularibus,

330 703 432 770 oravit
452 709 598 767 sanabrm
617 721 658 764 ne
680 720 771 764 curas
796 699 994 784 imperatoris
1020 699 1203 784 conquisitis
1230 701 1373 788 insuper

208 869 214 886 ι
330 795 551 864 acerbitatibus
560 802 725 881 augerentr
739 792 884 860 sufficere
896 793 1003 880 ipsum
1016 795 1189 860 statuendis
1198 797 1367 862 remediis.

331 893 377 958 sic
389 890 514 978 Regulo
531 888 616 954 salus
634 897 666 952 ct
679 887 788 952 Trioni
805 888 912 953 dilatio
930 889 1017 953 exitii
1029 889 1186 972 quaesita:
1204 888 1368 957 Haterius

330 986 460 1052 invisior
472 984 541 1062 fuit,
560 983 634 1066 quia
646 1004 757 1048 somno
771 991 825 1047 aut
837 982 1013 1048 libidinosis
1027 982 1141 1068 vigiliis
1154 983 1316 1050 marcidus
1329 995 1368 1050 et

331 1079 372 1146 ob
395 1077 560 1166 segnitiam
581 1075 725 1161 quamvis
752 1076 911 1141 crudelem
931 1076 1105 1162 principem
1126 1097 1191 1142 uon
1213 1087 1367 1144 metuens

330 1172 514 1240 inlustribus
531 1171 607 1236 viris
628 1169 798 1256 perniciem
819 1171 901 1236 inter
921 1192 1056 1257 ganeam
1077 1191 1116 1236 ao
1132 1181 1243 1257 stupra
1259 1173 1366 1238 medi-

331 1266 464 1334 labatur.

282 1369 364 1415 11.
394 1359 492 1425 Exim
510 1357 606 1425 Cotta
621 1355 824 1436 Messalinus,
843 1357 1046 1423 saevissimae
1063 1359 1216 1443 cuiusque
1234 1367 1365 1424 senten-

284 1433 393 1520 latiae
411 1462 520 1520 auctor
536 1473 636 1535 eoque
653 1452 828 1516 inveterata
843 1451 975 1529 invidia,
998 1451 1054 1517 ubi
1069 1452 1205 1538 primum
1223 1451 1363 1518 facultas

331 1549 417 1624 data,
435 1546 578 1633 arguitur
594 1545 758 1632 pleraque.
782 1543 898 1611 Gaiam
916 1545 1087 1612 Caesarem
1108 1547 1201 1630 qnasi
1221 1546 1363 1612 incertae

329 1641 498 1718 virilitatis,
530 1649 562 1706 et
587 1661 660 1705 cum
682 1639 734 1704 die
761 1639 859 1704 natali
880 1638 1047 1727 Augustae
1072 1640 1154 1705 inter
1179 1640 1363 1706 sacerdotes

329 1735 521 1821 epularetur,
544 1732 763 1798 novendialem
786 1755 857 1799 eam
874 1755 985 1800 cenam
1002 1733 1135 1812 dixisse3
1161 1755 1363 1819 querensque

329 1829 369 1894 de
385 1828 527 1914 potentia
538 1827 595 1892 M’.
609 1827 726 1912 Lepidi
743 1849 781 1893 ac
794 1827 835 1892 L.
845 1826 999 1906 Arruntii,
1017 1850 1090 1893 cum
1103 1827 1218 1912 quibus
1236 1827 1363 1894 obrem

328 1922 541 2010 pecuniariam
554 1920 758 2008 disceptabat,
777 1922 951 1988 addidisse:
971 1922 1061 2002 „illos
1074 1923 1202 2007 quidem
1217 1931 1360 2000 senatus,

330 2040 381 2084 me
399 2027 504 2082 autem
522 2016 658 2083 tuebitur
675 2014 852 2082 Tiberiolus
870 2020 990 2082 meus.“
1008 2037 1111 2101 neque
1129 2025 1241 2082 cuncta
1258 2039 1279 2085 a
1294 2015 1362 2102 pri·

330 2111 470 2179 moribus
493 2111 627 2177 civitatis
648 2109 879 2189 revincebatur,
905 2110 1008 2196 iisque
1029 2109 1217 2176 instantibus
1236 2110 1278 2174 ad
1299 2110 1361 2174 im-

329 2216 504 2292 peratorem
521 2205 715 2291 provocavit:
738 2226 796 2270 nec
813 2204 913 2269 multo
929 2213 1002 2290 post
1022 2204 1142 2269 litterae
1164 2203 1359 2280 adfenmtur,

330 2300 444 2384 quibus
462 2300 495 2363 in
512 2300 642 2367 modum
659 2297 861 2377 defensionis,
879 2298 1011 2384 repetito
1027 2298 1108 2362 inter
1125 2319 1159 2363 se
1173 2305 1267 2382 atque
1281 2295 1361 2364 cot-

330 2403 395 2458 tam
412 2391 567 2458 amicitiae
583 2392 737 2478 principio
755 2392 934 2478 crebrisque
952 2392 1020 2458 eius
1034 2391 1146 2458 officiis
1166 2413 1360 2458 commemo-

328 2486 420 2563 ratis,
442 2508 483 2550 ne
500 2485 597 2551 verba
613 2508 710 2595 prave
727 2486 849 2552 detorta
870 2508 934 2552 neu
947 2485 1161 2552 convivalium
1177 2483 1359 2552 fabularum

330 2579 539 2665 simplicitas'
530 2602 564 2644 ιιι
581 2580 700 2644 crimen
717 2580 882 2646 duceretur
898 2581 1339 2667 postulavit..

282 2686 311 2733 ιι
394 2672 571 2759 Insigne'
541 2695 645 2739 visum
663 2680 712 2739 est
733 2693 842 2740 carum
860 2674 1007 2741 Caesaris
1029 2674 1202 2740 litterarum
1218 2673 1359 2750 initinm3

280 2751 310 2802 (ω
329 2789 403 2832 uam
420 2766 469 2832 bis
488 2766 592 2833 verbis
611 2789 742 2834 exorsus
765 2777 826 2834 cst.
856 2769 952 2853 „quid
965 2768 1105 2836 scribam
1122 2767 1226 2844 vobis,
1249 2777 1357 2853 patres

330 2862 511 2950 conscripti,
538 2872 593 2929 aut
618 2864 771 2948 quomodo
798 2864 934 2929 scribam
960 2873 1015 2930 aut
1040 2865 1116 2947 qnid
1141 2863 1268 2930 omnino
1294 2885 1359 2928 nou

330 2958 465 3026 scribam
482 2958 543 3024 hoc
560 2968 709 3045 tempore,
728 2959 761 3024 di
778 2980 829 3023 me
847 2959 987 3042 deaeque
1004 2958 1094 3044 peius
1111 2957 1245 3044 perdant
1261 2978 1358 3040 quam

328 3054 429 3140 perire
451 3075 502 3120 me
528 3053 641 3120 cotidie
664 3053 778 3132 sentio,
805 3054 833 3118 si
860 3053 959 3118 scio“:
973 3065 976 3072 ’
990 3053 1069 3118 adeo
1096 3051 1236 3120 facinora
1263 3059 1357 3134 atque

329 3149 449 3236 flagitia
475 3171 533 3214 sua
556 3149 619 3235 ipsi
640 3169 766 3233 quoquc
792 3149 826 3213 in
852 3147 1039 3233 supplicium
1061 3155 1227 3212 verterant.
1254 3166 1358 3229 neque

328 3242 446 3308 frustra
462 3243 749 3328 praestantissimus
769 3242 938 3328 sapientiae
960 3241 1084 3308 firmare
1106 3240 1216 3307 solitus
1239 3247 1303 3316 est,
1331 3238 1358 3303 si

328 3335 529 3400 recludantur
547 3346 751 3421 tyrannorum
771 3345 907 3414 mentes,
933 3357 1028 3421 posse
1049 3333 1148 3422 aspici
1169 3332 1304 3398 laniatus
1327 3341 1358 3397 et

328 3427 419 3503 ictus,
438 3428 577 3509 quando,
594 3437 629 3492 ut
646 3450 778 3513 corpora
790 3429 983 3508 verberibus
1001 3429 1046 3494 ita
1059 3429 1198 3506 saevitia,
1216 3425 1356 3504 libidine,

328 3518 418 3584 malis
437 3519 587 3586 consultis
606 3521 729 3588 animus
752 3522 900 3589 dilaceret
886 3532 950 3589 tur:
972 3524 1090 3634 quippe
1108 3521 1271 3589 Tiberium
1293 3543 1359 3586 non

327 3613 463 3726 fprtuna,
481 3635 546 3680 uon
565 3607 748 3682 solitudines
765 3617 973 3704 protegebant
990 3619 1097 3702 quint
1084 3625 1238 3683 tormenta
1249 3625 1357 3702 pecto-

327 3709 371 3777 ris
390 3731 527 3794 suasque
544 3709 612 3797 ipse
629 3731 746 3798 poenas
764 3710 923 3778 fateretur.

280 3811 311 3860 1⁸
395 3805 481 3872 Tum
497 3804 583 3872 sacta
598 3803 741 3891 patribus
758 3815 914 3892 potestate
937 3807 1095 3873 statuendi
1115 3806 1156 3872 de
1174 3803 1357 3871 Caeciliano

282 3877 311 3929 )
330 3911 486 3981 senatore,
505 3923 560 3986 qur
549 3900 711 3988 plurima
728 3901 896 3968 adversum
915 3900 1044 3968 Cottam
1059 3907 1271 3988 prompserat,
1289 3897 1358 3983 pla·

212 4029 214 4036 ·
328 3996 425 4063 citum
442 3997 575 4064 eandem
591 4019 726 4084 poenam
738 3995 875 4084 inrogari
887 4019 983 4082 quam
995 3996 1029 4062 iu
1042 3994 1217 4062 Aruseium
1229 4002 1261 4058 et
1275 3989 1357 4059 San·

328 4090 484 4172 quinium,
508 4103 706 4160 accusatores
723 4091 765 4158 L.
783 4089 940 4172 Anuntii3
963 4112 1027 4177 quo
1048 4113 1113 4157 non
1130 4088 1216 4158 aliud
1232 4086 1357 4154 honori-

327 4181 470 4251 ficentius
490 4184 603 4252 Cottae
621 4186 739 4264 evenit,
755 4186 812 4271 qui
827 4187 941 4254 nobilis
958 4186 1100 4272 quidem,
1124 4184 1182 4252 sed
1198 4203 1297 4270 egens
1315 4177 1355 4246 ob
