3042 4956
354 447 415 514 178
697 450 885 510 'CORNELII
899 449 1033 508 TActh

1275 550 1296 582 e
1307 553 1329 582 u.
1341 544 1386 584 rso.

351 628 457 683 tamen
468 611 599 681 vocibus
616 632 675 696 per
690 631 769 694 quas
782 607 1014 694 intellegeretur
1027 605 1175 694 providus
1188 606 1386 677 futurorum:

351 729 487 794 namque
500 705 645 772 Macroni
657 725 720 768 non
734 702 841 768 abdita
854 700 987 787 ambage
1001 702 1194 766 occidentem
1212 701 1254 767 ab
1274 723 1314 768 eo
1332 704 1387 768 de·

352 803 427 880 seri,
453 801 603 867 orientem
631 796 765 883 spectari
790 794 1002 881 exprobravit,
1030 804 1061 859 et
1085 794 1122 861 C.
1147 795 1281 861 Caesari
1304 796 1385 862 forte

352 906 419 965 orto
442 915 585 960 sermone
607 893 648 956 L.
674 889 796 957 Sullam
817 889 963 954 inridenti
989 889 1094 954 omnia
1117 887 1226 954 Sullae
1252 890 1332 956 vitia
1353 900 1385 955 et

351 991 468 1056 nullam
487 988 627 1054 eiusdem
649 985 796 1050 virtutem
814 983 993 1048 habiturum
1010 983 1174 1069 praedixit.
1203 983 1300 1048 simul
1317 1007 1385 1048 cre-

351 1085 416 1150 bris
434 1106 507 1148 cum
524 1081 659 1147 lacrimis
678 1079 829 1144 minorem
848 1099 887 1142 ex
904 1076 1071 1162 nepotibus
1090 1077 1278 1162 conplexus,
1303 1077 1383 1142 truci

351 1178 477 1244 alterius
487 1176 576 1240 vultu
586 1174 729 1253 ,occides
738 1172 821 1236 hunc
831 1177 887 1238 tu“
902 1172 1003 1256 inquit
1014 1181 1065 1250 „et
1073 1181 1104 1236 te
1114 1172 1224 1236 alius.“
1244 1173 1383 1258 sedgrn-

351 1281 497 1336 vescente
506 1269 675 1335 valitudine
689 1267 792 1332 nihile
806 1265 987 1332 libidinibus
1002 1265 1174 1342 omittebat,
1190 1267 1383 1351 inpatientia

350 1345 573 1430 firmitudinem
591 1362 741 1428 simulans
762 1361 933 1444 solitusque
947 1361 1072 1426 eludere
1086 1361 1281 1425 medicorum
1299 1371 1381 1426 artes

350 1469 444 1542 atque
466 1480 520 1522 eos
549 1457 602 1539 qui
625 1465 697 1540 post
724 1454 915 1520 tricesimum
942 1455 1051 1519 aetatis
1079 1477 1196 1519 annum
1220 1455 1261 1518 ad
1287 1455 1382 1519 inter·

349 1552 511 1616 noscenda
535 1549 656 1634 corpori
682 1571 741 1614 suo
768 1548 856 1614 utilia
877 1548 928 1613 vel
951 1549 1045 1613 noxia
1071 1548 1164 1614 alieni
1190 1549 1313 1613 consilii
1335 1549 1381 1613 in-

350 1646 501 1731 digerent.

295 1730 336 1844 37³)
413 1737 543 1803 Interim
560 1737 681 1802 Romae
703 1736 817 1801 futuris
841 1737 934 1801 etiam
957 1746 1028 1820 post
1046 1736 1208 1802 Tiberium
1230 1736 1381 1801 caedibus

351 1831 471 1898 semina
488 1829 691 1896 iaciebantur.
719 1830 850 1895 Laelius
869 1830 988 1896 Balbus
1010 1829 1175 1907 Acutiam,
1198 1829 1237 1894 P.
1260 1829 1383 1896 Vitellii

350 1925 508 2010 quondam
531 1947 675 2001 uxorem,
702 1923 873 1988 maiestatis
896 1923 1121 2008 postulaverat3
1147 1947 1211 2007 qua
1232 1925 1383 1988 damnata

351 2043 422 2084 cum
440 2019 613 2106 praemium
631 2017 804 2084 accusatori
822 2018 1052 2094 desumeretur,
1076 2017 1186 2082 Iunius
1206 2015 1308 2095 Otho,
1328 2018 1383 2082 tri-

351 2114 454 2180 bunus
472 2113 585 2199 plebei,
603 2112 787 2189 intercessit,
807 2111 889 2176 unde
907 2112 968 2176 illis
987 2112 1067 2188 odia,
1086 2134 1160 2177 mox
1174 2110 1297 2177 Othoni
1315 2111 1382 2176 exi-

352 2209 438 2273 tium.
461 2209 534 2272 dein
551 2207 720 2271 multorum
737 2205 894 2272 amoribus
913 2205 1036 2270 famosa
1052 2204 1225 2283 Albucilla,
1245 2206 1297 2270 eui
1314 2228 1383 2270 ma-

351 2301 529 2366 trimonium
539 2323 611 2365 curn
622 2297 726 2365 Satrio
738 2299 895 2377 Secundo,
909 2300 1130 2365 coniurationis
1139 2300 1251 2376 indice,
1265 2300 1381 2376 fuerat,

351 2394 488 2459 defertur
501 2394 657 2479 inpietatis
676 2395 709 2458 in
725 2395 911 2479 principem3
931 2394 1193 2459 connectebantur
1209 2403 1244 2458 ut
1261 2392 1381 2458 conscii

350 2497 381 2552 et
399 2487 531 2551 adulteri
549 2487 616 2552 eius
636 2486 697 2553 Cn.
715 2487 887 2566 Domitius,
906 2487 1021 2554 Vibius
1038 2487 1177 2565 Marsus,
1195 2489 1237 2553 L.
1255 2486 1381 2552 Arrun-

350 2581 421 2644 tius.
445 2580 484 2644 de
502 2580 686 2644 claritudine
699 2580 832 2645 Domitii
846 2604 942 2666 supra
955 2583 1139 2660 memoravi3
1157 2582 1287 2646 Marsus
1301 2603 1383 2666 quo-

349 2695 410 2755 que
424 2673 554 2738 vetustis
568 2673 737 2738 honoribus
752 2684 783 2738 et
795 2675 934 2741 inlustris
949 2677 1060 2742 studiis
1079 2686 1158 2740 erat:
1177 2676 1234 2741 sed
1251 2677 1382 2742 testium

349 2767 597 2854 interrogationi,
622 2769 783 2835 tormentis
802 2791 963 2835 serverum
981 2770 1165 2836 Macronem
1181 2771 1381 2856 praesedisse

349 2862 562 2928 commentarii
580 2863 621 2928 ad
639 2873 782 2929 senatum
799 2865 888 2930 missi
909 2865 1065 2943 ferebant,
1088 2865 1255 2948 nullaeque
1272 2865 1307 2929 iu
1325 2887 1381 2931 ces

349 2956 542 3042 imperatoris
564 2957 684 3022 litterae
707 2959 917 3044 suspicionem
940 2959 1070 3037 dabant,
1098 2959 1235 3025 invalido
1257 2980 1295 3024 ac
1317 2959 1382 3026 sor-

350 3061 434 3116 tasse
456 3051 565 3138 ignaro
585 3051 659 3117 ficta
676 3053 824 3139 pleraque
847 3052 887 3118 ob
908 3053 1086 3118 inimicitias
1104 3052 1265 3118 Macronis
1287 3064 1381 3118 notas

301 3155 333 3202 54
351 3146 384 3210 in
392 3146 588 3211 Arruntium.
606 3147 702 3233 igitur
711 3147 871 3215 Domitius
885 3146 1099 3213 defensionem
1112 3147 1277 3224 meditans,
1291 3146 1381 3213 Mar·

294 3220 337 3266 (⁴⁸³
352 3262 416 3315 sus,
432 3250 591 3323 tamqnam
604 3241 741 3306 inediam
755 3241 984 3318 destinavisset,
998 3242 1172 3328 produxere
1185 3241 1297 3319 titam3
1317 3239 1381 3305 Ar-

349 3331 471 3395 runtius
498 3334 727 3398 cunctationem
753 3343 784 3398 et
810 3357 912 3400 moras
946 3335 1149 3402 suadentibus
1180 3334 1289 3399 amicis
1316 3357 1381 3400 non

349 3422 459 3486 eadem
477 3424 621 3490 omnibus
640 3427 754 3491 deeora
771 3429 946 3512 respondit:
964 3429 1026 3494 sibi
1044 3430 1119 3494 satis
1137 3429 1258 3506 aetatis,
1276 3450 1381 3512 neque

349 3513 434 3578 aliud
459 3517 681 3600 paenitendum
707 3540 802 3601 quam
824 3523 910 3604 quod
931 3523 1012 3588 inter
1032 3523 1168 3588 ludibria
1188 3532 1220 3588 et
1240 3521 1382 3607 pericula

350 3607 474 3674 anxiam
491 3619 650 3676 senectam
668 3612 879 3694 toleravisset,
899 3617 952 3681 diu
972 3615 1103 3694 Seiano,
1122 3638 1205 3681 nnnc
1221 3615 1379 3692 Macroni,

349 3725 473 3790 semper
490 3703 581 3770 alicui
599 3706 773 3790 potentium
790 3707 927 3788 invisus,
950 3733 1014 3776 non
1032 3711 1138 3796 eulpa,
1163 3710 1217 3774 sed
1237 3720 1273 3774 ut
1289 3709 1381 3795 flagi-

349 3800 462 3866 tiorum
479 3799 648 3885 inpatiens3
672 3823 747 3867 sane
764 3823 882 3887 paucos
905 3812 936 3868 et
959 3827 1121 3890 supremos
1144 3803 1294 3889 principis
1312 3804 1380 3868 dies

348 3917 443 3981 posse
460 3895 565 3965 vitari:
588 3897 852 3980 quemadmodum
875 3921 1043 3964 erasurum
1061 3898 1253 3964 imminentis
1270 3898 1379 3962 iuren-

349 3989 432 4053 tam?
458 4011 511 4066 an,
535 4012 607 4054 cum
625 3991 771 4058 Tiberius
794 4002 867 4079 post
888 4002 1006 4058 tantam
1028 4014 1132 4058 rerum
1155 3990 1379 4078 experientiam

348 4081 381 4145 vi
406 4083 626 4150 dominationis
653 4087 821 4152 convulsus
844 4095 882 4152 et·
900 4097 1038 4154 mutatus
1061 4087 1115 4164 sit,
1144 4084 1183 4151 C.
1207 4083 1379 4150 Caesarem

349 4174 403 4237 vix
420 4174 507 4240 finita
525 4178 669 4260 pueritia,
692 4181 836 4266 ignarum
854 4183 994 4247 omnium
1012 4192 1067 4247 aut
1083 4179 1229 4266 pessimis
1248 4178 1379 4244 innutri-
