3020 4958
390 492 788 552 munemufflxm
805 494 925 550 13-1a
1108 485 1170 550 291

133 605 155 642 p.
166 592 208 633 cu.
219 593 254 632 ee.

133 659 316 733 adhibetur,
335 654 516 741 placuitque
534 650 661 716 h‘berari
677 649 801 716 obsidio
817 649 960 738 legiones
977 663 1009 717 et
1020 653 1171 720 decedere

134 775 265 818 omnem
284 749 417 813 militem
439 745 556 811 linibus
574 744 798 809 Armeniorum
820 745 1011 832 esstelhqne
1033 758 1066 812 et
1087 771 1173 814 com·

133 857 260 913 meatus
282 843 412 909 Parthis
434 842 530 920 tradi,
556 841 672 926 quibus
697 842 886 928 perpetratis
907 844 998 930 copia
1019 844 1172 932 Vologesi

133 943 225 1006 lieret
241 937 391 1004 mittendi
408 937 450 1002 ad
467 936 625 1001 Neronem
642 934 777 1022 legatos.

198 1033 336 1099 Interim
357 1031 481 1096 flumini
497 1029 654 1096 Arsaniae
673 1068 715 1078 -
737 1030 765 1094 is
787 1041 891 1096 casha
911 1031 1107 1118 praefluebat
1128 1072 1169 1082 —
1191 1054 1222 1101 15

133 1139 266 1214 pontem
289 1126 454 1212 imposuit,
482 1125 587 1212 specie
610 1123 671 1190 sibi
692 1124 772 1189 illud
793 1125 852 1190 iter
878 1127 1087 1212 expedientis:
1114 1129 1171 1194 sed

133 1223 247 1290 Parthi
266 1221 358 1306 quasi
375 1221 600 1286 documentum
617 1220 766 1286 victoriae
784 1220 954 1302 iusserant3
976 1244 1113 1306 namque
1131 1223 1170 1288 iis

134 1319 209 1384 usui
226 1317 302 1395 fuit3
321 1315 420 1381 nostri
437 1337 494 1400 per
514 1315 674 1380 diversum
691 1314 765 1379 iere.
784 1315 904 1381 addidit
920 1341 1028 1383 rumor
1045 1316 1105 1384 sub
1122 1317 1171 1382 iu·

133 1436 213 1500 gum
231 1411 347 1476 missas
366 1409 507 1496 legiones
522 1417 554 1474 et
567 1409 678 1474 aliaex
690 1409 785 1475 rebus
799 1409 957 1490 infaustis,
976 1434 1110 1497 quorum
1129 1413 1171 1478 si·

134 1507 313 1572 mulacrum
331 1505 373 1570 ab
390 1501 552 1569 Armeniis
571 1513 758 1590 usurpatum
777 1515 839 1570 est:
865 1529 1001 1592 namque
1020 1518 1051 1574 et
1068 1509 1170 1573 muni-
1207 1515 1214 1546 ‘

135 1611 243 1666 menta
260 1599 398 1686 ingressi
415 1609 498 1677 sunt,
518 1608 688 1684 antequam
706 1622 820 1685 agmen
838 1600 1019 1668 Romanum
1037 1606 1169 1670 excede-

133 1705 191 1774 ret,
207 1705 238 1760 et
248 1695 481 1760 circumstetere
493 1693 568 1770 vias,
580 1693 704 1779 captiva
713 1695 788 1758 olim
801 1695 958 1783 mancipia
966 1707 1020 1764 aut
1029 1699 1169 1766 iumenta

134 1791 367 1876 adgnoscentes
382 1787 676 1871 abstrahentesque;
694 1798 802 1874 raptae
816 1790 910 1856 etiam
920 1801 1034 1869 vestes,
1048 1802 1169 1858 retenta

135 1907 237 1961 arma,
261 1881 377 1967 pavido
401 1881 498 1947 milite
520 1891 552 1946 et
569 1882 774 1959 concedente,
798 1905 838 1948 ne
860 1906 923 1967 qua
943 1885 1053 1970 proelii
1072 1909 1168 1952 causa

135 1976 294 2042 existeret.
321 1974 498 2062 Vologeses
517 1977 611 2041 armis
635 1986 666 2042 et
683 1976 865 2062 corporibus
889 2000 1051 2044 caesorum
1074 2003 1169 2066 agge·

134 2072 226 2149 ratis,
246 2077 309 2154 qdo
328 2070 451 2136 cladem
468 2080 608 2137 nostram
626 2080 806 2148 testaretur,
829 2072 900 2136 visu
918 2071 1105 2158 fugientium
1123 2073 1168 2139 le·

133 2167 266 2252 giouum
293 2162 458 2230 abstinuit:
485 2165 573 2230 fama
588 2165 810 2231 moderationis
833 2164 1055 2249 quaerebatur,
1081 2178 1169 2254 post·

133 2283 232 2344 quam
250 2260 430 2346 superbiam
452 2260 641 2346 expleverat.
673 2260 792 2325 flumen
808 2258 979 2326 Arsaniam
1001 2261 1165 2347 elephanto

133 2356 292 2432 insidens,
310 2355 472 2440 proximus
490 2355 623 2439 quisque
641 2377 750 2442 regem
768 2355 799 2421 vi
817 2377 969 2440 equorum
987 2377 1166 2442 perrupere,

134 2451 209 2536 quia
226 2471 334 2514 rumor
355 2449 526 2514 incesserat
542 2459 671 2535 pontem
693 2472 857 2516 cessurum
875 2449 962 2516 oneri
980 2450 1052 2516 dolo
1070 2447 1168 2516 sabri-

135 2545 290 2622 cantium3
313 2543 370 2608 sed
388 2544 441 2626 qui
459 2541 581 2630 ingredi
599 2543 668 2609 ausi
686 2553 773 2622 sunt,
796 2543 937 2610 validum
955 2555 987 2610 et
1003 2545 1101 2610 fidum
1119 2545 1167 2610 in·

135 2639 294 2704 tellexere.

201 2731 351 2797 Ceterum
373 2731 512 2796 obsessis
530 2731 610 2796 adeo
633 2732 884 2817 suppeditavisse
906 2755 973 2798 rem
995 2733 1167 2800 frumenta·
1187 2753 1217 2802 ts

134 2828 214 2892 nam
233 2827 371 2892 constitit
388 2837 424 2890 ut
440 2827 560 2891 horreis
578 2827 686 2913 ignem
701 2827 854 2893 inicerent
875 2839 1045 2914 contraque
1061 2829 1167 2916 prodi·

134 2923 217 2986 derit
235 2919 375 2985 Corbulo
397 2920 533 2985 Parthos
554 2921 664 3006 inopes
687 2921 847 3006 copiarum
870 2931 902 2985 et
923 2921 1039 3006 pabulo
1061 2923 1166 2988 attrito

134 3016 299 3080 relicturos
326 3014 607 3100 oppugnationem,
643 3037 746 3098 neque
778 3037 813 3080 sc
838 3015 911 3101 plus
937 3015 1031 3079 tridui
1056 3016 1166 3081 itinere

134 3109 266 3174 aftrisse.
284 3108 379 3172 adicit
391 3108 597 3174 iureiurando
606 3108 697 3174 Paeti
706 3119 833 3173 cautum
847 3107 933 3194 apud
947 3107 1046 3194 signa,
1061 3119 1167 3172 asun-

134 3203 222 3268 tibns
234 3201 274 3266 iis
287 3223 367 3284 quos
380 3202 576 3268 testificando
588 3225 645 3267 rex
658 3201 807 3280 misisset,
819 3201 977 3266 nerninem
985 3201 1165 3268 Romanum

134 3297 322 3361 Armeniam
333 3298 560 3384 ingressurum,
578 3297 679 3363 donec
691 3297 881 3362 reserrentur
892 3297 1013 3362 litterae
1022 3295 1165 3376 Neronia,

135 3415 177 3456 an
193 3392 266 3477 paci
282 3403 443 3457 muneret.
470 3415 552 3476 qnae
573 3405 609 3457 ut
626 3393 790 3479 angendae
811 3391 961 3458 infamiae
982 3393 1165 3482 composita,

136 3487 182 3551 sic
200 3486 321 3570 reliqua
337 3509 403 3551 non
419 3487 453 3551 iu
471 3487 607 3552 obscuro
623 3487 791 3566 habentur,
810 3509 874 3554 una
890 3488 943 3554 die
959 3489 1167 3576 qnadraginta

136 3581 259 3644 milium
284 3581 421 3666 spatirnn
447 3603 611 3647 emensum
632 3604 703 3646 esse
720 3581 869 3660 Pactum,
891 3583 1024 3649 desertis
1046 3585 1167 3669 passim

137 3674 268 3750 seuche,
285 3697 389 3758 neque
405 3677 510 3740 minus
528 3675 702 3740 deformem
719 3677 805 3741 illam
823 3677 1012 3762 fugierrtinrn
1031 3675 1167 3760 trepida·

137 3770 254 3834 tionem
271 3791 366 3853 qnam
384 3770 412 3834 si
430 3781 519 3855 terga
536 3771 568 3834 in
582 3770 650 3834 acie
662 3771 840 3835 vertissent.
859 3769 1000 3834 Corbulo
1013 3790 1085 3832 cum
1100 3769 1165 3832 suis

136 3861 1167 3950 copiisapudripamllnphratisobviusnoneamspeciemin-

137 3958 275 4044 signium
292 3971 325 4023 et
340 3980 499 4024 umam
516 3961 662 4046 pnetuht
675 3973 710 4022 ut
723 3958 937 4022 &mnsam
949 3953 1166 4040 nprotxnet:

136 4053 249 4116 maesti
265 4053 418 4138 mipnli
433 4075 472 4118 ae
484 4055 585 4120 ricem
598 4053 845 4119 commilitonum
860 4051 1044 4115 miserantes
1062 4071 1104 4116 ne
1121 4049 1167 4116 la

137 4145 593 4234 crimisqtrirlentenpmre3
615 4149 766 4231 vixprae
788 4145 863 4212 lietu
887 4160 1166 4230 usurpatamuaa·

135 4238 262 4318 lutatio,
291 4239 472 4307 mera
495 4255 653 4308 manen
677 4241 801 4307 virtutis
827 4255 860 4308 ct
884 4241 1014 4306 ambitio
1035 4241 1164 4330 gleniae,

934 4352 969 4408 lsi
979 4345 995 4374 ¹
