3042 4956
314 455 522 514 aruncum
541 455 972 529 uru.v1.53-sa(4r-oo.)
1095 445 1157 512 179

122 561 142 597 p.
153 547 195 587 oa.
207 548 245 586 ar.

122 627 197 691 tum,
220 614 353 680 meliora
370 613 598 698 capessiturum
615 612 767 678 Macrone
784 612 882 678 duce?
899 614 954 696 qui
971 625 1006 679 ut
1023 615 1158 682 deterior

121 710 161 772 ad
179 708 425 792 opprimendum
445 705 596 772 Seianum
613 707 752 772 delectus
775 707 866 792 plura
882 729 938 792 per
956 708 1156 774 scelerarem

122 803 288 887 publicam
307 799 563 877 conflictavisset3
586 810 786 885 prospectare
804 801 867 866 iam
885 824 919 868 se
937 803 1040 868 acrius
1060 805 1157 868 servi-

122 899 215 974 tium,
244 902 345 978 coque
363 894 473 980 sugere
495 893 589 958 simul
611 904 681 960 acta
697 904 730 960 et
746 895 903 960 instantia.
930 895 1009 961 haee
1026 898 1107 962 vatis
1124 898 1158 962 in

122 991 254 1054 modum
268 989 415 1054 dictitans
429 1011 525 1052 r'cuas
538 987 680 1052 rcsolvitr
694 990 882 1054 documento
897 991 1158 1072 sequentiaerunt

122 1084 202 1148 benc
217 1083 407 1148 Arruntium
421 1091 520 1146 morte
534 1105 636 1146 usum.
658 1081 819 1147 Albucilla
835 1082 927 1148 inrito
941 1084 1005 1148 ictu
1022 1108 1042 1149 a
1059 1095 1157 1152 semet

122 1178 289 1242 vulnerata
303 1178 393 1242 iussu
406 1186 533 1241 senatus
548 1177 581 1240 in
594 1199 750 1242 carcerem
763 1175 874 1253 sertum
893 1187 1071 1262 stuprorum
1090 1180 1156 1245 eius

122 1271 274 1349 ministri,
301 1270 463 1336 Carsidius
484 1268 639 1336 Sacerdos
656 1271 831 1356 praetorius
849 1272 934 1336 utin
950 1272 1086 1338 insulam
1103 1274 1158 1338 dc·

122 1376 316 1450 portaretur,
339 1365 472 1430 Pontius
498 1365 704 1451 Fregellanus
727 1365 882 1444 amitteret
904 1366 1046 1431 ordinem
1067 1389 1157 1432 sena-

122 1461 254 1538 torium,
279 1470 311 1524 et
329 1459 457 1524 eaedem
474 1481 594 1543 poenae
617 1483 650 1554 pr
667 1459 813 1523 Laelium
830 1459 967 1530 Balbum
985 1460 1157 1526 decemun-

124 1563 182 1630 tur‚
201 1555 238 1618 id
255 1553 383 1638 quidem
401 1553 635 1629 clamantibus,
654 1553 728 1636 quia
745 1552 866 1618 Balbus
884 1554 963 1618 truci
980 1553 1157 1638 eloquentia

123 1646 314 1723 habebatur,
333 1655 495 1730 promptus
514 1647 682 1710 adversum
699 1646 848 1712 insontes.

186 1739 299 1806 Isdem
317 1739 427 1804 diebus
448 1738 521 1805 Sex.
540 1738 703 1824 Papinius,
723 1740 878 1804 consulari
896 1740 1024 1818 familia,
1041 1763 1154 1826 repen-

124 1834 226 1900 tinum
243 1844 277 1900 et
295 1833 461 1900 informem
479 1835 597 1898 exitum
616 1834 745 1921 delegit,
768 1835 850 1900 iacto
868 1835 901 1899 iu
918 1857 1068 1920 praeceps
1086 1857 1155 1900 cor-

127 1951 211 2012 pore.
236 1952 334 1994 causa
347 1929 387 1998 ad
400 1938 531 1994 matrem
544 1927 747 2005 referebatur,
765 1950 845 2011 quae
860 1929 981 2013 pridem
994 1929 1156 2013 repudiata

126 2022 395 2088 adsentationibus
409 2032 503 2106 atque
517 2023 594 2086 luxu
605 2022 794 2108 perpulisset
807 2023 952 2086 iuvenem
970 2022 1011 2085 ad
1028 2043 1066 2085 ea
1078 2043 1156 2103 quo-

127 2139 194 2181 rum
212 2117 367 2202 effugium
384 2139 447 2182 noa
465 2116 525 2181 nisi
543 2128 641 2182 morte
654 2117 825 2192 invenirct3
848 2115 944 2202 igitur
961 2125 1107 2179 accusata
1123 2115 1156 2178 iu

128 2221 248 2289 senatu,
268 2233 459 2294 quamquam
476 2233 581 2296 genua
596 2222 722 2296 patrum
740 2209 958 2275 advolveretur
974 2208 1157 2292 luctumque

129 2325 325 2368 communem
347 2314 378 2368 et
400 2305 500 2391 magis
523 2304 703 2370 inbecillum
730 2304 785 2368 tali
807 2325 902 2389 super
923 2326 1000 2368 casu
1026 2303 1156 2368 femina·

129 2420 195 2462 rum
212 2399 354 2463 animum
372 2397 493 2482 aliaque
512 2400 545 2462 in
562 2400 697 2464 eundem
715 2400 854 2464 dolorem
877 2408 997 2464 maesta
1014 2408 1045 2464 ct
1061 2398 1156 2464 mise·

128 2493 224 2557 randa
245 2493 302 2556 diu
324 2493 432 2570 ferret,
461 2493 538 2558 urbe
561 2504 666 2557 tamen
688 2495 720 2558 in
742 2495 851 2558 decem
878 2517 976 2558 annos
998 2491 1156 2578 prohibita

129 2597 188 2662 est,
207 2587 308 2652 donee
325 2587 426 2652 miuor
443 2588 525 2653 filius
543 2586 697 2652 lubricum
715 2589 858 2654 iuventae
876 2589 984 2654 exiret.

189 2680 261 2746 Iam
278 2680 441 2746 Tiberium
459 2705 582 2767 corpus,
601 2681 662 2746 iam
681 2683 772 2759 vires,
791 2684 930 2748 noudum
947 2680 1154 2748 dissimulatio
1167 2672 1210 2784 gg)

131 2771 305 2840 deserebat:
328 2775 413 2840 idern
435 2777 530 2840 animi
551 2775 650 2861 rigor3
674 2799 816 2842 sermone
838 2800 876 2842 ac
894 2777 983 2841 vultu
1004 2777 1153 2852 intentus,

130 2869 270 2948 quaesita
286 2869 443 2934 interdum
462 2870 606 2934 comitate
629 2871 772 2952 quamvis
790 2870 989 2936 manifestam
1007 2870 1156 2934 defectio-

131 2983 200 3027 nem
218 2963 358 3048 tegcbat,
380 2964 570 3047 mutatisque
593 2965 717 3049 saepius
735 2965 812 3030 locis
836 2965 961 3029 taudem
983 2965 1068 3047 apud
1085 2986 1156 3046 pro-

131 3058 317 3122 montorium
330 3057 448 3122 Miseni
462 3059 604 3123 consedit
617 3060 649 3123 in
663 3059 750 3134 villa,
770 3058 818 3122 cui
832 3059 873 3121 L.
888 3056 1043 3121 Lucullus
1057 3077 1157 3138 quon-

132 3147 200 3214 dam
214 3151 370 3216 dominus.
393 3151 456 3216 illic
470 3174 540 3218 eum
555 3153 804 3238 adpropinquare
819 3150 972 3234 supremis
991 3149 1045 3213 tali
1062 3147 1157 3212 modo

133 3255 337 3330 compertum:
356 3255 422 3311 crat
440 3247 579 3312 medicus
598 3256 664 3312 arte
682 3245 825 3330 insignis,
844 3243 969 3308 nominc
984 3241 1156 3318 Charicles,

134 3358 191 3402 non
212 3339 341 3422 quidem
362 3361 470 3426 regere
496 3341 683 3405 valitudines
710 3339 860 3424 principis
884 3337 1007 3415 solitus,
1035 3336 1158 3402 consilii

1172 1728 1314 1775 551

135 3439 234 3497 tamen
261 3434 385 3519 copiam
407 3432 570 3518 praeberc3
599 3435 625 3498 is
648 3434 733 3498 velut
754 3433 880 3518 propria
901 3433 941 3496 ad
964 3432 1090 3519 negotia
1111 3431 1158 3496 di·

134 3529 274 3608 grediens
293 3539 324 3592 ct
341 3551 398 3614 per
416 3531 552 3614 speciem
570 3529 666 3593 officii
684 3551 811 3592 manum
830 3529 1011 3613 complexus
1029 3527 1156 3613 pulsum

135 3641 281 3686 venarum
303 3625 421 3708 attigit3
449 3646 550 3707 neque
573 3623 697 3687 fefellit:
724 3647 797 3688 nam
815 3623 976 3699 Tiberius,
1004 3623 1157 3686 incertum

135 3736 171 3778 au
187 3717 328 3781 offensus
347 3726 496 3801 tantoque
509 3718 611 3802 magis
626 3717 704 3781 iram
722 3740 876 3802 premens,
897 3715 1063 3780 instaurari
1082 3735 1159 3797 epu-

134 3805 176 3872 las
193 3811 281 3874 iubet
297 3811 528 3894 discumbitque
546 3812 627 3875 ultra
645 3811 784 3887 solitum,
804 3810 895 3892 quasi
912 3807 1022 3873 honori
1040 3806 1159 3870 abeam-

136 3901 170 3965 lis
187 3905 279 3968 amici
294 3904 457 3970 tribueret:
478 3904 639 3970 Charicles
654 3914 759 3969 tamen
771 3903 835 3968 labi
850 3902 992 3985 spiritum
1006 3920 1063 3962 nec
1077 3898 1159 3961 ultra

135 3991 259 4062 biduum
282 3998 465 4062 duraturum
488 3997 631 4062 Macroni
654 3997 797 4061 firmavit.
825 3994 897 4057 inde
920 4002 1032 4056 cuncta
1054 3990 1159 4055 conlo·

136 4091 209 4170 quiis
234 4092 318 4157 inter
343 4102 537 4177 praesentes,
565 4092 682 4156 nuntiis
705 4089 790 4175 apud
806 4087 927 4172 legatos
951 4097 981 4150 et
1003 4085 1157 4150 exercitus
1222 4089 1224 4095 ’

136 4183 368 4254 festinabantur.
397 4189 563 4273 septimum
586 4187 741 4252 dccimrun
763 4184 826 4248 lml.
848 4182 969 4269 Aprilis
991 4183 1158 4248 interclusa

928 4291 988 4350 12*
