3020 4958
417 457 624 516 suurnmu
641 459 909 530 nra.xvr.1-o.
1112 451 1175 516 319

143 551 262 602 acne.

143 637 210 696 tur3
228 618 288 683 sed
295 617 381 682 Nero
398 616 476 679 nihil
493 614 614 680 ambitu
631 637 689 680 nec
701 626 857 702 potestate
871 627 998 684 senatus
1012 641 1092 705 opus
1106 643 1176 687 esse

143 714 304 790 dictitans,
324 734 358 777 se
376 733 513 794 aequum
531 711 699 775 adversum
716 712 857 777 aemulos
876 722 908 777 et
928 713 1079 800 religione
1095 715 1177 780 iudi-

143 831 219 872 cum
229 807 374 874 meritam
387 806 512 870 laudem
526 805 759 883 adsecuturum,
777 806 878 891 primo
892 829 1018 871 carmen
1031 808 1065 872 in
1083 831 1176 874 soene

142 902 271 978 recitat3
289 921 365 965 mox
378 900 539 986 flagitante
552 899 649 986 vulgo
659 909 693 965 ut
702 901 807 964 omnia
817 901 920 966 studia
934 925 991 966 sua
1004 901 1176 988 publicaret

142 1035 187 1044 -
205 995 287 1059 haec
304 995 390 1058 enim
406 993 504 1059 verba
520 992 628 1059 dixere
641 1032 683 1041 —
697 994 871 1080 ingreditur
887 995 1042 1061 theatrum
1056 998 1175 1062 cunctis

143 1089 286 1153 citharae
303 1087 428 1175 legibus
446 1087 680 1172 obtemperans,
703 1109 743 1152 ne
760 1088 865 1154 fessus
883 1090 1047 1168 resideret,
1066 1112 1105 1156 ne
1124 1114 1176 1157 su·

143 1185 258 1248 dorem
279 1183 342 1246 nisi
364 1205 402 1246 ea
419 1203 515 1265 quam
537 1182 660 1246 indutui
677 1180 807 1268 gerebat
824 1192 912 1248 veste
930 1184 1118 1271 detergeret,
1141 1197 1176 1250 ut

142 1277 234 1342 nulla
260 1276 324 1341 oris
350 1286 404 1340 aut
430 1275 552 1340 narium
578 1285 777 1342 excrementa
803 1276 985 1342 viserentur.
1017 1288 1174 1364 postremo

144 1373 249 1436 flexus
275 1393 360 1456 genu
387 1379 418 1434 et
444 1379 568 1435 coetum
589 1369 678 1434 illum
700 1393 795 1434 manu
817 1380 982 1436 veneratus
1006 1373 1174 1440 sententies

143 1466 287 1530 iudicum
305 1463 524 1549 opperiebatur
541 1462 614 1528 ficto
632 1483 762 1548 pavore3
782 1474 812 1528 et
829 1464 919 1550 plebs
938 1466 1063 1549 quidem
1072 1467 1173 1546 urbis,

144 1559 336 1624 histrionum
353 1579 477 1641 quoque
495 1566 605 1643 gestus
623 1558 731 1622 iuvare
749 1559 850 1636 solita,
877 1559 1065 1646 personabat
1082 1563 1174 1628 certis

144 1653 249 1718 modis
267 1652 444 1737 plausuque
462 1651 649 1736 composito:
674 1653 815 1718 crederes
837 1654 959 1734 laetari3
982 1677 1019 1722 ao
1040 1656 1174 1724 fortasse

144 1746 345 1812 laetabantur
365 1767 422 1830 per
442 1747 593 1811 incuriam
614 1746 732 1832 publici
749 1747 873 1834 flagitii;
897 1750 953 1816 sed
971 1751 1025 1834 qui
1046 1752 1172 1819 remotis
1193 1779 1207 1826 5

145 1863 165 1905 e
181 1839 361 1925 municipiis
380 1861 583 1922 severamque
601 1840 704 1905 adhuc
722 1850 754 1905 et
766 1843 884 1925 antiqui
898 1844 991 1910 moris
1006 1846 1173 1910 retinentes

144 1934 286 2010 Italiam,
313 1934 430 2017 quique
452 1955 509 2019 per
529 1934 716 2020 longinquas
739 1936 915 2021 provincias
938 1937 1066 2002 lascivia
1088 1939 1174 2003 inox-

144 2029 227 2114 perti
249 2028 357 2094 officio
377 2028 571 2114 legationum
597 2039 651 2093 aut
674 2029 795 2114 privata
816 2030 948 2094 utilitate
974 2031 1171 2106 advenerant,

145 2145 249 2206 neque
268 2132 431 2207 aspectum
448 2123 536 2186 illum
554 2124 684 2188 tolerare
696 2145 797 2207 neque
811 2123 912 2188 labori
929 2123 1093 2190 inhonesto
1108 2126 1173 2190 suf·

146 2219 250 2295 ficere,
270 2239 343 2282 cum
352 2217 496 2282 manibus
509 2218 623 2283 nesciis
633 2217 821 2296 fatiscerent,
841 2217 999 2282 turbarent
1008 2239 1122 2304 guaros
1137 2241 1173 2284 ae

147 2335 242 2397 saepe
252 2335 272 2375 a
285 2310 435 2375 militibus
449 2310 694 2388 verberarentur,
714 2312 768 2395 qui
780 2334 837 2397 per
851 2333 966 2378 cuneos
981 2311 1114 2390 stabant,
1133 2335 1172 2376 no

146 2407 233 2489 quod
246 2404 395 2488 temporis
408 2414 603 2470 momentum
616 2405 717 2489 inpari
731 2405 866 2470 clamore
880 2415 934 2470 aut
948 2405 1069 2471 silentio
1084 2406 1173 2492 segni

146 2499 339 2584 praeteriret.
362 2498 500 2563 constitit
512 2499 676 2584 plerosque
691 2497 840 2581 equitum,
855 2500 929 2564 dum
943 2522 999 2586 per
1012 2501 1172 2588 angustias

147 2594 251 2657 aditus
271 2602 302 2656 et
314 2591 514 2677 ingruentem
537 2591 766 2658 multitudinem
785 2594 951 2674 enituntur,
971 2594 1115 2674 obtritos,
1143 2605 1174 2660 et

147 2688 236 2764 ahos,
265 2687 341 2750 dum
359 2686 442 2750 diem
463 2699 649 2771 noctemque
672 2687 822 2754 sedilibus
841 2690 1035 2768 continuant,
1064 2689 1173 2758 morbo

147 2780 300 2847 exitiabili
313 2790 485 2865 correptos:
504 2781 619 2866 quippe
632 2782 757 2867 gravior
769 2783 868 2848 inerat
879 2795 992 2862 metus,
1013 2787 1040 2850 si
1053 2795 1174 2872 specta·

147 2877 219 2941 culo
238 2873 426 2952 defuissent,
445 2874 551 2940 multis
569 2875 673 2960 palam
691 2885 723 2939 et
739 2876 881 2962 pluribus
899 2878 1043 2956 occultis,
1067 2887 1101 2944 ut
1119 2901 1174 2944 uo·

146 2971 234 3034 mina
252 2991 289 3034 ac
297 2970 411 3046 voltus,
431 2969 621 3034 alacritatem
636 2970 853 3052 tristitiamque
864 2971 1041 3035 coeuntium
1057 2981 1173 3038 scruta-

146 3074 268 3140 rentur3
278 3064 362 3128 unde
372 3064 563 3129 tenuioribus
574 3064 679 3129 statim
688 3064 830 3150 inrogata
839 3063 999 3148 supplicia,
1007 3063 1174 3128 advorsum

146 3161 284 3226 illustres
298 3160 529 3227 dissimulatum
542 3160 583 3224 ad
595 3181 745 3245 praesens
760 3168 791 3224 et
803 3180 878 3223 mox
890 3158 1045 3224 redditum
1059 3157 1172 3224 odium.

146 3254 352 3337 ferebantque
369 3253 616 3339 Vespasianum,
640 3263 800 3336 tamquam
818 3275 928 3318 somno
946 3251 1136 3330 conniverat,
1156 3276 1175 3318 u

147 3347 280 3414 Phoebo
294 3348 406 3412 liberto
419 3348 604 3434 increpitum
623 3368 778 3433 aegreque
793 3348 954 3414 meliorum
964 3345 1109 3433 precibus
1119 3345 1175 3414 ol>-

147 3451 276 3520 tcctum,
295 3464 370 3506 mox
381 3441 596 3508 imminentem
609 3441 778 3527 perniciem
795 3441 912 3508 maiore
930 3441 995 3508 fato
1014 3441 1173 3530 effugisse.

213 3534 291 3600 Post
308 3535 403 3599 finem
420 3535 531 3600 ludicri
543 3535 694 3622 Poppaea
711 3544 843 3602 mortem
860 3534 945 3616 obiit,
965 3535 1092 3602 fortuita
1109 3559 1174 3602 mn·
1194 3553 1208 3602 a

147 3629 199 3694 riti
215 3629 386 3705 iracundia,
406 3652 425 3693 a
442 3651 505 3713 quo
523 3629 655 3715 gravida
671 3629 736 3694 ictu
753 3628 847 3695 calcis
861 3629 978 3695 afflicta
992 3639 1053 3708 est3
1072 3650 1173 3712 nequo

147 3723 232 3787 enim
250 3744 406 3788 venenum
419 3723 613 3800 crediderim,
632 3723 776 3808 quamvis
790 3723 918 3806 quidam
933 3722 1098 3806 scriptores
1113 3729 1174 3786 tre-

147 3817 232 3893 dant,
252 3817 323 3882 odio
341 3818 443 3904 magis
462 3839 558 3900 quarn
570 3839 615 3882 cx
631 3817 707 3882 fida:
725 3816 841 3901 quippe
859 3815 1025 3882 liberorum
1045 3814 1173 3900 cupiens

147 3909 285 3975 etamori
300 3911 405 3979 uxoris
416 3911 571 3977 obnoxius
586 3919 661 3979 erat.
681 3931 794 3994 corpus
808 3932 872 3974 non
885 3907 951 3994 igni
960 3907 1120 3983 abolitum,
1139 3917 1172 3974 ut

146 4003 309 4069 Romanus
329 4028 407 4083 mos,
427 4005 483 4070 sed
495 4027 606 4091 regum
619 4013 819 4069 externorum
831 4000 1055 4068 consuetudine
1069 4000 1174 4067 diffor-

147 4105 215 4160 tum
227 4098 376 4164 odoribus
391 4099 534 4164 conditur
545 4098 727 4181 tumuloque
735 4096 886 4162 Iuliorum
899 4094 1044 4175 infertum
1062 4096 1173 4164 ductae

149 4196 253 4256 tamen
270 4192 415 4277 publicae
434 4191 584 4277 exequiae
601 4191 801 4274 laudavitque
819 4191 887 4276 ipse
901 4189 984 4276 apud
997 4199 1098 4258 rostra
1111 4191 1174 4260 for-
