3042 4956
327 455 391 522 236
675 465 857 523 CORNELII
871 463 1006 523 TAOITI

1245 572 1265 602 a.
1276 573 1298 602 u.
1310 565 1358 604 808.

327 636 390 704 tur,
418 645 491 689 cum
516 623 689 710 ingreditur
710 623 816 701 Paris,
844 623 953 690 solitus
980 625 1118 710 alioquin
1143 627 1176 691 id
1204 631 1358 716 temporis

325 719 419 783 luxus
436 717 586 804 principis
603 716 773 794 intendere,
792 717 849 782 sed
866 725 941 782 tunc
958 719 1149 803 compositus
1168 721 1209 785 ad
1227 725 1358 789 maesti-

327 812 412 890 tiam,
431 811 633 896 expcsitoque
651 809 756 874 indicii
773 811 880 876 ordine
898 811 942 876 ita
959 813 1137 878 audientem
1155 824 1300 894 exterret,
1320 829 1357 882 ut

214 897 227 916 ⁴
326 929 389 971 non
406 915 527 970 tantum
548 914 680 969 matrem
696 903 908 988 Plautumque
930 905 1117 985 interficere,
1140 910 1197 973 scd
1214 909 1356 976 Burrum

326 1000 420 1066 ctiam
445 1000 610 1064 demovere
635 998 831 1084 praefectura
857 999 1026 1064 destinaret
1052 1010 1212 1086 tamquam
1233 1002 1356 1090 Agrip-

325 1093 417 1178 pinac
438 1093 540 1179 gratia
559 1101 741 1178 provectum
760 1101 791 1156 et
807 1092 909 1156 vicem
930 1095 1121 1159 reddentem.
1147 1095 1266 1162 Fabius
1284 1098 1355 1163 Ru-

326 1185 422 1251 sticus
441 1195 548 1250 auctor
566 1194 614 1250 est
631 1185 763 1270 scriptos
781 1207 852 1250 esse
869 1186 910 1250 ad
924 1184 1093 1252 Caecinam
1107 1189 1247 1256 Tuscum
1266 1193 1355 1256 codi-

325 1279 412 1345 cillos
435 1279 582 1344 mandata
603 1279 632 1343 ei
653 1279 876 1365 praetoriarum
899 1281 1071 1346 cohortium
1094 1305 1181 1361 cura,
1210 1286 1266 1350 sed
1291 1308 1354 1371 cpe

326 1371 466 1438 Senecae
484 1373 696 1460 dignationem
712 1373 814 1437 Burro
837 1383 1004 1452 retentam;
1026 1376 1148 1442 Plinius
1167 1387 1198 1442 et
1216 1377 1352 1444 Cluvius

323 1466 400 1530 nihil
414 1466 589 1531 dubitatum
607 1467 646 1530 de
663 1467 725 1531 fide
743 1465 894 1552 praefecti
905 1469 1058 1534 referunt:
1078 1493 1152 1535 sane
1165 1471 1286 1538 Fabius
1303 1473 1353 1538 in-

324 1560 417 1624 clinat
435 1561 476 1624 ad
492 1560 600 1624 laudes
621 1558 774 1638 Senecae,
799 1561 888 1628 cuius
907 1561 1042 1628 amicitia
1059 1563 1177 1631 floruit:
1199 1589 1258 1631 nos
1277 1589 1353 1630 con-
1443 1619 1448 1628 .

323 1675 450 1718 sensum
468 1663 630 1718 auctorum
649 1654 798 1731 secuturi,
821 1677 902 1739 quae
920 1655 1044 1722 diversa
1061 1658 1266 1742 prodiderint,
1290 1659 1352 1725 sub
1473 1651 1478 1660 ’

320 1746 498 1813 nominibus
511 1747 652 1834 ipsorum
670 1749 839 1815 trademus.
862 1750 945 1818 Nero
959 1751 1097 1838 trepidus
1116 1764 1147 1818 et
1163 1753 1353 1818 interficien-

321 1842 380 1906 dae
398 1841 505 1932 matris
529 1842 639 1908 avidus
657 1865 722 1908 non
742 1844 830 1929 prius
853 1845 970 1910 differri
990 1846 1092 1931 potuit
1114 1868 1209 1930 quam
1226 1847 1351 1912 Burrus

322 1957 431 2000 necem
449 1936 515 2002 eius
529 1937 731 2023 promitteret,
751 1937 779 2003 si
795 1938 942 2004 facinoris
958 1950 1189 2026 coargueretur:
1209 1941 1266 2006 sed
1284 1941 1352 2006 cui-

323 2053 465 2115 cumque,
484 2033 600 2096 nedum
614 2033 744 2117 parenti,
764 2031 978 2099 defensionem
992 2035 1200 2112 tribuendam;
1219 2057 1279 2099 nec
1296 2057 1353 2100 ac·

322 2134 481 2190 cusatores
496 2126 617 2204 adesse,
633 2127 689 2192 sed
702 2149 811 2191 vocem
825 2127 917 2192 unius
933 2149 972 2209 ex
984 2128 1109 2192 inimica
1122 2129 1215 2192 domo
1228 2129 1350 2207 afferri3

321 2219 458 2285 refutare
480 2220 624 2286 tenebras
647 2230 678 2285 et
695 2221 857 2307 uigilatum
879 2221 1021 2287 convivio
1039 2230 1163 2287 noctem
1181 2221 1351 2307 omniaque

321 2313 486 2378 temeritati
504 2325 535 2379 et
551 2314 693 2380 inscitiae
709 2316 863 2401 propiora.

271 2427 300 2472 21
387 2403 442 2472 Sic
458 2407 554 2472 lenito
572 2408 721 2493 principis
739 2419 826 2473 metu
844 2418 874 2474 et
891 2409 961 2474 luce
979 2418 1046 2474 orta
1063 2410 1125 2474 itur
1142 2410 1182 2476 ad
1196 2407 1351 2496 Agrippi-

320 2523 403 2577 nam,
423 2510 457 2564 ut
474 2512 617 2566 nosceret
630 2501 751 2566 obiecta
768 2503 1013 2587 dissolveretque
1030 2504 1081 2569 vel
1097 2527 1214 2590 poenas
1232 2505 1350 2570 lueret:

319 2593 440 2658 Burrus
457 2593 495 2659 iis
514 2595 668 2660 mandatis
684 2593 806 2660 Seneca
824 2619 929 2661 coram
946 2596 1150 2684 fungebatur3
1169 2599 1298 2664 aderant
1316 2609 1351 2664 ct

320 2709 359 2750 ex
384 2686 502 2752 libertis
529 2687 637 2752 arbitri
663 2691 829 2768 sermonis3
857 2691 969 2755 deinde
995 2714 1014 2756 a
1035 2691 1151 2769 Burro,
1178 2701 1350 2777 postquam

319 2779 448 2844 crimina
466 2790 497 2844 et
514 2788 655 2846 auctores
675 2784 834 2868 exposuit,
857 2784 1020 2850 minaciter
1037 2795 1155 2850 actum:
1179 2794 1210 2849 et
1225 2783 1350 2871 Agrip-

317 2874 392 2960 pina
408 2874 543 2940 ferociae
561 2898 680 2942 memor
700 2899 782 2956 „non
799 2878 916 2943 mir0r“
936 2879 1036 2963 inquit
1056 2877 1230 2959 „Silanam,
1253 2902 1349 2944 num-

318 2991 414 3054 quam
432 2969 514 3036 edito
531 2980 633 3057 partu,
652 2981 787 3036 matmm
805 2973 936 3038 affectus
950 2973 1075 3059 ignotos
1093 2973 1222 3050 habere;
1241 2995 1347 3056 neque

319 3064 402 3128 enim
424 3065 553 3151 proinde
572 3089 591 3131 a
607 3065 788 3152 parentibus
811 3065 901 3132 liberi
918 3089 1013 3150 quam
1031 3066 1070 3132 ab
1092 3067 1240 3152 inpudica
1257 3067 1348 3132 adul-

319 3159 376 3224 teri
393 3169 565 3238 mutantur3
588 3183 647 3226 nec
665 3161 692 3225 si
709 3160 827 3226 Iturius
850 3170 882 3225 et
900 3159 1059 3226 Caluisius
1077 3161 1181 3226 adesis
1199 3159 1347 3226 omnibus

318 3251 450 3317 fortunis
460 3255 663 3319 novissimam
678 3254 895 3339 suscipiendae
909 3255 1116 3320 accusationis
1131 3277 1257 3340 operam
1270 3254 1347 3318 anni

316 3345 504 3427 rependunt,
530 3346 601 3412 ideo
628 3356 681 3410 aut
706 3349 783 3412 mihi
808 3346 938 3412 infamia
958 3348 1115 3433 parricidii
1137 3358 1192 3414 aut
1213 3346 1347 3414 Caesari

317 3436 505 3503 conscientia
519 3438 682 3504 subeunda
700 3450 760 3506 est:
779 3464 853 3506 nam
866 3441 1026 3507 Domitiae
1039 3442 1207 3507 inimicitiis
1225 3442 1346 3528 gratias

316 3550 455 3615 agerem,
480 3533 508 3596 si
524 3533 734 3599 benivolentia
754 3557 878 3601 mecum
895 3538 929 3602 in
944 3538 1101 3603 Neronem
1122 3561 1227 3602 meum
1245 3547 1347 3602 certa-

316 3633 375 3688 ret:
398 3647 481 3690 nunc
502 3647 558 3713 per
580 3628 789 3694 concubinum
805 3628 982 3696 Atimetum
1003 3642 1034 3696 et
1055 3631 1236 3697 histrionem
1254 3631 1347 3696 Pari·

316 3719 388 3784 dem
406 3721 498 3803 quasi
515 3744 628 3788 scenae
645 3721 768 3788 fabulas
788 3725 946 3810 componit
951 3749 960 3804 ;
983 3725 1134 3790 Baiarum
1151 3747 1278 3790 suarum
1295 3725 1346 3812 pi-

317 3813 418 3880 scinas
437 3816 618 3895 extollebat,
638 3838 709 3881 cum
728 3817 806 3884 meis
824 3819 962 3884 consiliis
980 3819 1107 3904 adoptio
1125 3829 1157 3884 et
1173 3841 1335 3904 proconsu-

314 3909 379 3974 lare
392 3909 441 3975 ius
456 3919 487 3976 et
500 3911 674 4000 designatio
690 3912 869 3978 consulatus
880 3921 911 3977 et
924 3923 1026 3978 cetera
1035 3914 1203 3998 apiscendo
1211 3912 1344 3998 imperio

315 4016 579 4090 praepararentur.
607 4016 640 4071 at
661 4007 792 4072 exsistat
813 4007 867 4089 qni
889 4007 1032 4072 cohortes
1053 4008 1088 4070 in
1109 4005 1186 4072 urbe
1201 4015 1345 4091 tempta-

315 4107 377 4174 tas,
397 4100 450 4181 qui
467 4101 697 4183 provinciarum
715 4102 808 4166 fidem
827 4101 1061 4178 labefactatam,
1081 4101 1214 4184 denique
1233 4121 1343 4165 servos

314 4189 364 4252 vcl
382 4190 508 4257 libertos
527 4194 567 4257 ad
586 4194 687 4259 scelus
703 4203 862 4279 corruptos
877 4193 1001 4282 arguatl
1020 4193 1125 4260 vivere
1144 4215 1203 4280 ego
1217 4192 1344 4257 Britan·
