3042 4956
431 455 639 513 ANNALIUII
656 456 730 510 LIB.
743 455 825 510 XIII.
844 458 945 513 7-12
1137 449 1199 514 231

171 550 332 600 amam

169 617 309 703 iurgium
326 637 369 679 ne
386 613 505 678 diutius
523 613 659 678 externis
673 613 852 698 spectaculo
864 625 958 692 esset,
976 616 1138 682 arbitrium
1155 621 1201 684 rei

170 710 335 776 obsidibus
357 708 534 794 legatisque
556 708 610 791 qui
627 730 682 772 eos
704 705 862 772 ducebant
881 710 1084 793 permissum
1107 725 1201 797 atque

169 805 213 868 illi
229 812 392 868 recentem
410 801 544 888 gloriam
561 810 593 866 et
609 801 842 864 inclinationem
858 803 1017 884 quandam
1034 806 1128 870 etiam
1145 807 1202 872 ho-

170 898 266 963 stium
282 901 319 962 in
334 895 515 961 Corbulone
527 895 715 980 praetulere:
732 895 816 960 unde
828 895 985 962 discordie
997 899 1078 962 inter
1094 901 1200 979 duces,

169 1001 322 1076 quer-ente
340 989 509 1055 Ummidio
525 998 689 1074 praerepta
705 1011 786 1072 quae
804 990 871 1054 suis
894 991 1032 1056 consiliis
1048 995 1202 1077 patravis-

169 1097 227 1163 set,
247 1094 384 1149 testante
397 1093 505 1148 conua
519 1082 697 1148 Corbulone
710 1106 774 1148 non
786 1084 872 1169 prius
891 1107 1076 1150 conversum
1093 1110 1202 1174 regem

169 1181 210 1244 ad
228 1179 408 1244 offerendos
431 1177 558 1244 obsides
576 1199 672 1260 quam
692 1177 762 1262 ipse
778 1179 844 1242 dux
866 1178 949 1244 bello
970 1181 1110 1246 delectus
1128 1205 1201 1268 spes

169 1276 238 1340 eius
261 1274 304 1338 ad
325 1281 445 1339 metum
466 1281 599 1336 mutaret
605 1296 615 1348 ;
637 1271 721 1336 Nero
742 1293 805 1354 quo
826 1285 1027 1358 componeret
1047 1276 1198 1355 diversos,

169 1370 216 1434 sic
239 1367 382 1453 evulgari
402 1365 508 1430 iussit:
531 1364 572 1430 ob
594 1387 644 1430 res
662 1388 682 1429 a
699 1364 861 1448 Quadrato
879 1377 910 1431 et
929 1365 1106 1434 Corbulone
1127 1393 1199 1456 pro-

171 1485 262 1549 spere
286 1471 393 1548 gestas
415 1461 539 1525 laurum
561 1459 700 1524 fascibus
722 1461 929 1546 imperatoriis
951 1463 1033 1527 addi.
1064 1485 1145 1547 quae
1167 1465 1200 1528 in

170 1558 249 1624 alios
269 1556 415 1622 consules
434 1577 563 1642 egressa
580 1555 736 1620 coniunxi.

233 1651 359 1716 Eodem
373 1673 455 1714 anno
469 1648 589 1716 Caesar
602 1648 740 1735 effigiem
754 1649 813 1714 Cn
827 1649 970 1715 Domitio
981 1653 1064 1737 patri
1081 1663 1112 1716 et
1125 1674 1200 1718 con-
1218 1673 1250 1720 10

170 1746 288 1812 sularia
312 1744 448 1830 insignia
469 1742 611 1808 Asconio
632 1743 789 1824 Labeoni,
816 1767 878 1828 quo
902 1753 1002 1810 tutore
1023 1769 1100 1811 usus
1122 1758 1198 1824 erat,

169 1839 281 1926 petivit
298 1863 318 1902 a
336 1847 460 1916 senatu3
484 1837 606 1920 sibique
625 1845 743 1902 statuas
765 1847 894 1924 argento
912 1839 962 1902 vel
983 1863 1059 1904 auro
1083 1841 1199 1906 solidas

171 1935 324 1998 adversus
348 1932 514 1997 offerentes
536 1930 708 2017 prohibuit3
736 1940 768 1994 et
788 1953 980 2014 quamquam
1005 1935 1200 1998 censuissent

170 2037 288 2114 patres,
305 2036 342 2090 ut
359 2025 545 2111 principium
559 2025 632 2090 anni
649 2025 800 2108 inciperet
817 2046 924 2090 mense
937 2024 1118 2104 Decembri,
1137 2049 1200 2110 quo

171 2131 259 2187 ortus
278 2130 344 2185 erat
356 2120 449 2197 Nero,
468 2131 605 2184 veterem
622 2119 806 2204 religionem
823 2117 1027 2183 kalendarum
1041 2119 1200 2184 Ianuaria-

169 2239 240 2280 rum
255 2215 431 2280 inchoando
444 2238 526 2279 anuo
539 2214 680 2291 retinuit3
698 2235 801 2296 neque
813 2213 930 2297 recepti
948 2223 1021 2276 sunt
1032 2214 1113 2278 inter
1128 2235 1199 2278 reos

173 2309 307 2374 Carinas
327 2307 420 2375 Celer
438 2317 563 2374 senator
586 2330 677 2373 servo
695 2315 862 2372 accusante
881 2316 935 2371 aut
951 2305 1052 2372 Iulius
1070 2306 1199 2373 Densus

172 2414 331 2488 equester,
351 2404 401 2468 cui
418 2402 509 2468 favor
525 2402 559 2466 in
575 2402 793 2467 Britannicum
811 2402 931 2467 crimini
950 2401 1091 2467 dabatur.

237 2496 376 2563 Caruere
394 2497 536 2575 Narona,
559 2497 600 2562 L.
618 2495 764 2562 Anrrsrro
787 2496 967 2562 consulibus
990 2519 1063 2561 cum
1080 2497 1112 2560 in
1129 2505 1200 2561 acta
1219 2515 1249 2562 11
1280 2559 1282 2564 .

171 2591 348 2676 principum
364 2591 501 2655 iurarent
518 2590 729 2677 magistratus,
747 2591 781 2656 in
798 2613 856 2656 sua
873 2601 943 2656 acta
961 2590 1113 2678 collegam
1131 2590 1201 2655 An·

172 2685 293 2750 tistium
306 2685 408 2750 iurare
421 2685 589 2770 prohibuit,
607 2687 736 2772 magnis·
745 2695 869 2772 patrum
886 2686 1041 2764 laudibus,
1060 2697 1095 2751 ut
1111 2687 1200 2751 iuve-

172 2781 244 2844 nilis
258 2780 381 2844 animus
394 2779 511 2844 levium
524 2802 649 2864 quoque
666 2804 770 2845 rerum
788 2782 887 2867 gloria
905 2781 1047 2846 sublatus
1064 2782 1199 2847 maiores

173 2875 382 2952 continuaret3
413 2884 583 2958 secutaque
614 2875 725 2940 lenitas
751 2875 784 2938 in
810 2875 969 2939 Plautium
995 2876 1199 2951 Lateranum,

174 2989 268 3051 quem
286 2967 327 3032 ob
345 2968 532 3033 adulterium
549 2967 742 3032 Messalinae
765 2968 873 3032 ordine
890 2967 1049 3031 demotum
1067 2968 1202 3031 reddidit

174 3062 305 3138 senatui,
326 3062 522 3126 clementiam
540 3084 630 3126 suam
648 3061 846 3146 obstringens
865 3060 980 3124 crebris
1000 3060 1200 3133 orationibus,

174 3177 253 3238 quas
278 3153 413 3230 Seneca,
436 3155 631 3220 testificando
654 3177 748 3238 quam
770 3155 902 3219 honesta
923 3153 1128 3239 praeciperet,
1151 3151 1202 3215 vel

173 3249 310 3313 iactandi
327 3248 458 3335 ingenii,
477 3272 554 3314 voce
571 3247 720 3334 principis
737 3248 897 3334 vulgabat.

241 3341 390 3408 Ceterum
406 3343 539 3407 infracta
550 3344 701 3428 paulatim
715 3342 854 3428 potentia
871 3342 978 3407 matris
996 3341 1125 3427 delapso
1139 3339 1202 3407 Ne·
1223 3361 1252 3408 12

174 3461 249 3503 rone
267 3437 300 3500 in
318 3460 455 3502 amorem
472 3438 615 3515 libertae,
639 3438 688 3502 cui
706 3437 894 3502 vocabulum
910 3436 993 3502 Acte
1009 3437 1084 3514 fuit,
1109 3435 1203 3501 simul

175 3532 345 3616 assumptis
367 3531 401 3596 in
426 3532 649 3596 conscientiam
671 3533 716 3596 M.
741 3531 869 3599 Othone
891 3542 923 3597 et
946 3531 1079 3597 Claudio
1104 3529 1203 3597 Sene·

175 3626 274 3703 cione‚
294 3626 534 3692 adulescentulis
553 3626 683 3703 decoris,
702 3649 835 3710 quorum
848 3624 936 3692 Otho
953 3623 1073 3690 familia
1090 3647 1203 3690 eonsu-

174 3719 242 3796 lari,
262 3717 395 3785 Senecio
412 3718 524 3786 liberto
543 3718 688 3786 Caesaris
706 3729 794 3804 patre
812 3721 947 3805 genitus,
965 3719 1076 3803 ignara
1092 3726 1202 3792 matre,

176 3814 248 3878 dein
273 3813 390 3880 frustra
412 3815 585 3891 obnitente,
612 3815 736 3898 penitus
762 3814 935 3897 inrepserat
959 3833 1016 3894 per
1040 3809 1150 3871 luxum
1172 3817 1207 3871 et

176 3907 324 3993 ambigua
346 3919 481 3987 secreta,
507 3933 547 3974 ne
570 3908 744 3974 senioribus
770 3907 898 3990 quidem
923 3901 1071 3989 principis
1094 3901 1202 3964 amicis

176 4002 430 4079 adversantibus,
449 4003 631 4069 muliercula
647 4001 734 4065 nulla
751 3999 936 4081 cuiusquam
953 3994 1066 4059 iniuria
1083 3993 1203 4080 cupidi·

176 4117 232 4160 nes
254 4095 403 4182 principis
427 4096 584 4182 explente,
608 4095 733 4179 quando
755 4112 853 4156 uxore
874 4089 914 4156 ab
933 4087 1083 4165 Octavia,
1106 4087 1202 4154 nobili
1240 4097 1245 4106 “

177 4191 303 4272 quidem
321 4200 352 4254 et
369 4189 532 4275 probitatis
546 4197 714 4275 spectatae,
732 4185 798 4251 sato
812 4185 947 4269 quodam
966 4205 1006 4248 an
1023 4182 1097 4266 quia
1114 4205 1203 4269 prae-
