2958 4960
341 448 383 514 80
692 455 875 514 CORNELII
889 456 1019 514 TACITI

1264 560 1287 590 a
1299 561 1326 590 u.
1338 553 1387 592 m.

340 618 451 686 fraude
477 638 578 702 neque
604 615 749 694 occultis,
776 615 833 700 sed
857 615 963 702 palam
985 625 1016 682 et
1038 625 1193 681 armatum
1220 618 1387 704 populum

340 715 518 780 Romanum
544 712 651 777 hostes
678 732 753 776 suos
778 709 897 775 ulcisci.
934 731 998 794 qua
1023 709 1124 796 gloria
1153 711 1322 795 aequabat
1351 735 1388 780 se

341 807 487 874 Tiberius
509 806 621 894 priscis
638 804 892 890 imperatoribus,
916 805 971 888 qui
988 826 1143 870 venenum
1160 805 1195 869 in
1211 805 1386 890 Pyrrhum

339 925 447 991 regem
472 909 636 968 vetuerant
659 900 946 985 prodiderantque..
963 907 1108 988 ceterum
1123 897 1294 966 Arminius
1326 901 1388 966 ab·

341 995 540 1064 scedentibus
566 994 719 1060 Romanis
747 1002 778 1058 et
807 992 899 1078 pulso
925 991 1125 1058 Maroboduo
1154 1016 1294 1080 regnum
1325 995 1387 1060 ad·

339 1093 460 1158 sectans
486 1089 660 1172 libertatem
681 1087 879 1174 popularium
900 1088 1067 1154 adversam
1088 1087 1212 1167 babuit,
1239 1091 1386 1176 petitus-

339 1208 401 1271 que
419 1185 513 1251 armis
531 1205 603 1249 cum
621 1182 708 1248 varia
724 1183 850 1250 fortuna
867 1191 1012 1259 certaret,
1032 1181 1104 1248 dolo
1122 1183 1384 1268 propinquorum

339 1281 465 1346 cecidit:
487 1278 635 1344 liberator
655 1277 741 1342 baud
763 1276 858 1342 dubio
881 1273 1069 1342 Germaniae
1092 1285 1124 1341 et
1145 1277 1199 1360 qui
1220 1301 1289 1342 non
1313 1279 1384 1364 pri-

338 1374 458 1440 mordia
474 1372 583 1459 populi
599 1371 749 1449 Romani,
769 1371 850 1436 sicut
867 1369 920 1438 alii
936 1393 1027 1458 reges
1046 1371 1219 1455 ducesque,
1239 1374 1301 1437 sed
1320 1373 1382 1438 flo-

337 1467 549 1534 rentissimum
562 1466 728 1552 imperium
744 1465 926 1544 lacessierit,
944 1466 1070 1553 proeliis
1088 1465 1267 1552 ambiguus,
1289 1467 1381 1534 bello

337 1583 401 1626 non
420 1564 529 1626 victus.
553 1569 673 1646 septem
691 1570 723 1626 et
740 1560 868 1646 triginta
891 1581 989 1625 anuos
1007 1559 1104 1637 vitae,
1128 1559 1299 1626 duodecim
1318 1585 1380 1648 po-

338 1655 452 1720 tentiae
470 1654 620 1741 explevit,
645 1655 827 1738 caniturque
845 1652 949 1720 adhue
970 1653 1120 1720 barbaras
1143 1655 1229 1740 apud
1247 1667 1378 1742 gentes,

281 1829 283 1836 Α
338 1745 533 1814 Graecorum
554 1748 718 1814 annalibus
741 1748 884 1836 ignotus,
907 1748 961 1832 qui
984 1771 1041 1814 sua
1063 1757 1185 1814 tantum
1206 1751 1376 1828 mirantur,

337 1841 490 1908 Romanis
516 1841 602 1908 haud
626 1843 755 1928 perinde
781 1842 928 1922 celebris,
955 1844 1030 1910 dum
1056 1853 1163 1910 vetera
1190 1845 1377 1911 extollimus

337 1936 509 2002 recentium
521 1936 683 2012 incuriosi.
1206 1973 1209 1980 ·

545 2273 546 2280 ’
659 2258 874 2316 CORNELII
892 2257 1051 2316 TAOITI

508 2391 1198 2500 ANNALIUM

589 2581 639 2632 AB
658 2581 829 2634 EXCESSU
846 2582 930 2632 DIVI
946 2581 1115 2635 AUGUSTI

669 2735 804 2792 mnus
822 2738 1031 2796 neamus.
1130 2713 1134 2719 ’
1248 2715 1252 2720 ’

760 2895 945 2938 ΒΒΕἮΑΗΙΠΜ.

388 2977 456 3049 (lep.
467 2978 491 3033 1.
505 2975 666 3050 Agrippina
675 2994 738 3034 cum
752 2994 825 3034 urna
834 2977 918 3034 ferali
931 2995 1036 3050 magno
1051 2980 1169 3049 planctu
1177 2977 1285 3048 passim
1295 2978 1369 3034 exci-

318 3123 321 3130 .
335 3055 419 3128 pitur.
438 3055 598 3112 tinearum
609 3055 766 3111 sollemnia.
784 3055 920 3125 prim0res
929 3056 1009 3112 urbis
1020 3056 1105 3111 obvii.
1123 3055 1301 3124 3.Tiberius,
1312 3055 1369 3108 Au·

336 3139 420 3206 gusta
434 3138 463 3188 et
475 3131 602 3188 Antonia
615 3133 730 3204 publico
746 3133 897 3188 abstinent.
919 3132 944 3187 4.
959 3148 1070 3188 maeror
1083 3129 1225 3202 publicus.
1247 3131 1273 3186 5.
1284 3132 1309 3185 6.
1320 3130 1368 3186 Ti·

335 3211 444 3280 berius,
458 3227 562 3280 parcus
576 3210 653 3264 visus
663 3209 692 3264 in
706 3210 874 3265 honorando
889 3210 1002 3280 funere,
1018 3214 1175 3265 excusatse
1190 3213 1221 3263 et
1229 3209 1367 3278 populum

335 3287 426 3358 erigit
441 3285 670 3342 ‘l—9.iustitium
680 3287 821 3341 omissum.
835 3286 947 3342 Drusus
957 3287 1130 3359 adIllyricos
1141 3286 1281 3342 exercitus
1292 3286 1368 3356 abiu,

335 3363 399 3418 Piso
415 3362 452 3416 ad
464 3361 603 3432 Drusum,
622 3362 688 3418 inde
702 3363 821 3418 Romam
835 3364 923 3419 alacri
942 3364 1044 3420 animo.
1068 3365 1109 3420 10.
1124 3369 1368 3419 moxaccusatur.

333 3437 467 3506 princeps
483 3453 598 3492 causam
608 3439 645 3493 ad
654 3446 782 3494 senatum
792 3441 916 3497 remittit.
935 3443 977 3495 11.
991 3442 1163 3512 patronirso
1174 3440 1305 3512 quaesiti.
1325 3441 1367 3494 12.

335 3512 444 3570 Tiberii
459 3513 550 3568 oratio
566 3515 603 3569 ad
616 3520 722 3586 patres.
745 3517 838 3572 13.14.
853 3525 1052 3574 accusatorum
1067 3517 1291 3573 criminationem
1300 3534 1367 3572 reus

334 3589 406 3645 mals
417 3589 507 3645 diluit.
524 3589 553 3645 in
565 3607 628 3647 eum
637 3591 745 3648 iudices
755 3595 833 3650 haud
842 3597 939 3667 proni,
954 3597 1077 3667 populus
1091 3594 1305 3653 offensissimus.
1325 3595 1368 3650 15.

334 3669 375 3723 16.
388 3667 527 3725 Plancina
546 3685 661 3724 causam
681 3687 760 3726 suam
781 3672 924 3729 dissociat.
952 3673 1064 3728 Pisonis
1082 3691 1171 3742 mors,
1191 3672 1310 3727 dubium
1330 3690 1367 3726 an

333 3745 498 3818 iussa,etsd
504 3746 650 3802 Tiberium
656 3748 786 3805 codicilli.
801 3750 842 3805 17.
848 3751 889 3805 18.
895 3751 964 3806 Piso
970 3749 1045 3805 filius
1053 3751 1218 3818 absolvitur,
1225 3748 1366 3804 Plancina

333 3821 618 3898 Augustaeprecibus
629 3827 814 3884 condonatur.
830 3828 985 3883 sententias
994 3828 1024 3882 in
1032 3828 1164 3884 Pisonem
1173 3827 1307 3898 princeps
1317 3826 1366 3880 mi·

333 3903 413 3976 ligat.
428 3903 624 3960 adulatiocum
630 3901 889 3977 Claudiidespectu.
905 3905 1143 3961 19.Drususovat.
1157 3902 1365 3974 Vipsauiamo·

333 3977 411 4037 ritur.
424 3981 757 4038 20.Tecfarinasbellum
767 3981 1030 4038 inAfrioarcnovat
1050 3979 1365 4052 21.idAproniiseveri·

333 4061 391 4113 tate
402 4057 575 4130 opprimitur.
593 4061 635 4115 22.
641 4061 683 4116 23.
694 4061 805 4132 Lepida
814 4059 953 4134 suppositi
962 4067 1070 4132 partus,
1082 4059 1222 4129 adulterii,
1232 4057 1364 4114 veneficii

333 4139 481 4206 accusata,
491 4135 606 4194 'liberio
616 4140 749 4210 perplexe
759 4146 862 4212 agente
872 4141 1029 4195 damnatur.
1047 4137 1090 4192 24.
1102 4137 1214 4193 Silanus
1229 4136 1308 4192 exilii
1317 4152 1363 4190 ve·

333 4209 409 4266 nium
422 4211 561 4284 impetrat.
584 4215 626 4271 26.
635 4217 681 4273 lex
690 4217 782 4289 Papio
790 4219 932 4290 Poppaea.
951 4217 1103 4274 delatores.
1120 4215 1162 4270 26.
1172 4212 1214 4270 27.
1224 4227 1363 4270 excursus
