3020 4964
315 353 378 419 286
420 409 423 416 .
663 362 845 421 CORNELII
859 362 993 417 TACITI

1229 465 1249 494 ι.
1259 466 1282 495 u.
1292 457 1340 496 ers.

314 522 486 588 modestiae
503 520 597 598 fama,
617 541 697 604 quae
714 542 815 604 neque
830 521 960 586 summis
973 522 1150 587 mortalium
1164 525 1343 607 spernenda

314 626 362 681 est
380 625 411 680 et
428 638 448 679 a
464 614 513 678 dis
531 614 742 679 aestimatur.“
771 614 863 679 simul
881 615 1055 680 diademate
1077 626 1171 702 caput
1188 617 1341 682 Tiridatis

314 709 441 786 evinxit,
460 717 636 794 promptam
654 708 794 792 equitum
811 731 953 786 manum,
971 731 1052 793 quae
1069 732 1176 794 regem
1194 731 1234 774 ex
1250 734 1341 776 more

315 812 458 880 sectatur,
473 801 609 878 Monesi,
623 801 721 867 nobili
733 802 809 879 viro,
823 802 950 866 tradidit
962 802 1090 868 adiectis
1099 803 1340 869 Adiabenorum

314 895 452 974 auxiliis,
471 896 693 981 mandavitque
711 896 871 982 Tigranen
887 895 1038 961 Armenia
1057 897 1234 975 exturbare,
1261 898 1341 962 dum

313 990 382 1075 ipse
408 989 517 1075 positis
545 991 695 1054 adversus
719 989 887 1074 Hyrcanos
914 990 1077 1055 discordiis
1102 992 1184 1056 vires
1211 991 1340 1056 intimas

314 1084 490 1169 molemque
509 1081 583 1149 belli
601 1085 662 1148 ciet
678 1084 847 1169 provinciis
865 1084 1016 1149 Romanis
1034 1085 1189 1151 minitans.

280 1197 295 1243 3
358 1262 361 1266 Ι
379 1177 470 1262 Quae
488 1178 543 1244 ubi
561 1177 734 1244 Corbuloni
751 1179 843 1243 certis
866 1179 983 1244 nuntiis
1006 1180 1112 1245 audita
1130 1192 1216 1258 sunt,
1239 1181 1344 1267 legio-

313 1296 370 1338 nes
393 1276 472 1339 duas
495 1297 566 1338 cum
590 1273 748 1339 Verulano
773 1271 891 1339 Severo
914 1283 944 1338 et
962 1273 1069 1339 Vettio
1090 1275 1211 1340 Bolano
1234 1276 1342 1341 subsi-

314 1368 400 1431 dium
410 1369 541 1454 Tigrani
558 1369 661 1446 mittit,
680 1368 801 1433 occulto
813 1378 989 1454 praecepto,
1009 1369 1210 1454 compositius
1225 1379 1339 1436 cuncta

314 1477 408 1544 quam
430 1462 628 1527 festinantius
652 1471 794 1548 agerent:
820 1462 936 1548 quippe
957 1462 1074 1527 bellum
1100 1463 1215 1540 habere
1242 1483 1339 1548 quam

313 1577 421 1641 gerere
439 1554 606 1633 malebat,
614 1557 841 1643 scripseratque
861 1555 1136 1642 Caesari'proprio
1154 1558 1234 1623 duce
1258 1581 1339 1644 opus

313 1671 397 1726 esse,
416 1649 470 1733 qui
487 1649 672 1716 Armeniam
690 1650 885 1715 defenderet:
911 1649 1036 1736 Syriam
1057 1652 1221 1738 ingruente
1239 1651 1340 1717 Volo-

312 1765 387 1829 gese
414 1744 531 1811 acriore
558 1745 591 1808 in
617 1745 795 1809 discrimine
821 1767 901 1810 esse.
938 1755 1031 1828 atque
1052 1745 1175 1809 interim
1200 1746 1339 1830 reliquas

311 1837 457 1924 legiones
469 1860 526 1924 pro
543 1840 613 1924 ripa
621 1838 792 1925 Euphratis
806 1840 897 1916 locat,
917 1839 1148 1903 tumultuariam
1161 1841 1340 1925 provincia-

312 1932 387 1996 lium
406 1956 536 1998 manum
554 1943 666 2011 armat,
690 1933 820 1998 hostiles
843 1933 1004 2019 ingressus
1026 1934 1190 2019 praesidiis
1213 1926 1373 2000 interciss

311 2028 366 2113 pit.
386 2038 417 2092 et
434 2029 508 2112 quia
526 2051 625 2115 egena
643 2051 794 2113 aquarum
805 2029 898 2115 regio
916 2039 973 2105 est,
993 2027 1120 2092 castella
1133 2027 1273 2094 fontibus
1291 2030 1340 2093 in-

312 2123 427 2207 posita3
447 2124 600 2206 quosdam
619 2123 702 2188 rivos
721 2133 873 2209 congestu
891 2123 1025 2186 harenae
1044 2121 1172 2186 abdidit.

277 2238 293 2283 4
375 2217 426 2282 Ea
447 2218 523 2282 dum
546 2241 565 2282 a
584 2217 764 2283 Corbulone
786 2217 920 2282 tuendae
945 2215 1055 2302 Syriae
1077 2226 1238 2302 parantur,
1267 2227 1339 2283 acto

311 2312 423 2397 raptim
442 2313 567 2398 agmine
585 2311 750 2389 Moneses,
770 2322 804 2375 ut
821 2311 938 2375 famam
958 2311 1006 2375 sui
1023 2312 1165 2396 praeiret,
1184 2334 1246 2375 non
1265 2312 1339 2377 ideo

310 2405 452 2469 nescium
470 2414 523 2469 aut
540 2406 701 2470 incautum
719 2406 878 2492 Tigranen
895 2404 1038 2470 offendit:
1057 2413 1262 2489 occupaverat
1282 2405 1340 2468 Ti-

310 2507 540 2583 granocertam,
575 2498 688 2563 urbem
718 2500 808 2585 copia
834 2498 1035 2563 defensorum
1065 2508 1097 2563 et
1121 2498 1340 2584 magnitudine

310 2592 468 2656 moenium
487 2590 636 2670 validam3
664 2594 704 2657 ad
721 2594 782 2659 hoc
799 2593 1005 2678 Nicephorius
1029 2593 1129 2656 amnis
1147 2592 1231 2656 haud
1250 2615 1341 2677 sper-

310 2686 414 2751 nenda
431 2685 593 2751 latitudine
614 2696 736 2771 partem
753 2709 914 2752 murorum
936 2685 1034 2751 ambit
1056 2697 1088 2750 et
1109 2688 1203 2750 ducta
1223 2685 1338 2771 ingens

309 2780 407 2861 fossa,
427 2802 491 2864 qua
507 2781 602 2846 fluvio
616 2780 829 2860 diffidebatur3
848 2782 1030 2865 inerantque
1043 2781 1157 2846 milites
1171 2790 1202 2845 et
1218 2780 1339 2865 provisi

309 2884 381 2941 ante
400 2873 603 2954 commeatus,
622 2876 922 2961 quorumsubvectu
933 2876 1027 2962 pauci
1040 2876 1163 2941 avidius
1177 2875 1339 2960 progressi

310 2981 341 3036 et
356 2972 526 3057 repentinis
550 2971 693 3037 hostibus
716 2970 918 3036 circumventi
940 2970 987 3035 ira
1008 2970 1109 3057 magis
1132 2992 1227 3054 quam
1250 2979 1339 3033 metu

309 3075 429 3131 ceteros
444 3067 659 3130 accenderant.
683 3066 739 3130 sed
748 3064 866 3130 Partho
875 3065 916 3129 ad
925 3065 1142 3149 exsequendas
1156 3064 1338 3129 obsidiones

309 3159 395 3223 nulla
413 3160 587 3223 comminus
606 3159 751 3224 audacia:
773 3159 851 3223 raris
870 3158 993 3244 sagittis
1019 3170 1121 3242 neque
1139 3157 1264 3222 clausos
1283 3179 1357 3220 ex·-

309 3262 402 3316 terret
420 3263 450 3316 et
469 3262 569 3316 semet
589 3252 766 3318 frustratur.
790 3251 949 3318 Adiabeni
967 3275 1039 3317 cum
1060 3272 1244 3338 promovere
1268 3273 1338 3315 sea·

307 3346 354 3412 las
374 3355 404 3409 et
422 3346 672 3413 machinamenta
689 3349 870 3434 inciperent,
889 3347 982 3414 facile
995 3347 1123 3425 detrusi,
1143 3367 1218 3411 mox
1232 3367 1338 3410 erum-

307 3439 454 3526 pentibus
472 3441 587 3505 nostris
607 3443 787 3508 caeduntur.

274 3566 289 3612 5
373 3533 512 3600 Corbulo
530 3545 650 3614 tamen,
677 3536 821 3620 quamvis
845 3535 990 3602 secundis
1008 3535 1101 3601 rebus
1121 3535 1201 3612 suis,
1228 3534 1337 3598 mode·

307 3631 440 3696 randum
457 3630 601 3695 fortunae
619 3640 704 3696 ratus
728 3631 812 3695 misit
839 3632 879 3696 ad
901 3630 1084 3717 Vologesen
1105 3629 1159 3713 qui
1187 3638 1337 3714 expostu-

307 3726 407 3791 larent
423 3725 487 3790 vim
505 3724 685 3812 provinciae
702 3724 820 3790 illatam
826 3750 835 3803 ;
859 3724 979 3789 socium
1000 3724 1198 3806 amicumque
1215 3745 1335 3808 regern,

307 3822 450 3886 cohortes
468 3820 627 3886 Romanas
646 3819 868 3884 circumsideri.
896 3820 1052 3884 omitteret
1074 3817 1178 3902 potius
1197 3815 1336 3881 obsidio-

306 3938 389 3992 nem,
403 3925 457 3979 aut
467 3937 501 3980 se
514 3936 639 3998 quoque
648 3913 680 3977 in
694 3936 770 4000 agro
778 3912 883 3978 hostili
893 3922 995 3977 castra
1008 3912 1193 3997 positurum.
1214 3909 1334 3994 Caspe-

306 4009 371 4072 rius
394 4008 534 4073 centurio
557 4009 680 4072 ineam
703 4007 892 4093 legationem
914 4007 1054 4071 delectus
1077 4005 1162 4090 apud
1183 4003 1333 4089 oppidum

306 4102 443 4180 Nisibin,
472 4113 593 4187 septem
616 4111 647 4166 et
669 4101 797 4187 triginta
818 4102 944 4167 milibus
967 4124 1121 4188 passuum
1143 4099 1331 4184 sTigrano·
