2960 4962
396 404 604 463 ANNALIUM
623 405 888 462 ammas-56.
1092 395 1155 462 105

120 511 138 549 p.
147 498 185 539 Ch.
195 501 230 540 Η.

118 589 185 630 eum
196 587 324 652 graves
341 575 372 628 et
384 563 569 650 plerumque
581 563 705 646 iniquas
718 587 775 650 pro
788 564 961 650 republica
974 567 1152 653 suscipiam,

118 663 220 726 inanes
245 670 281 725 et
305 660 420 724 imitas
442 679 545 741 neque
566 659 644 722 mihi
665 669 720 724 aut
741 658 832 724 vobis
854 661 927 724 usui
948 661 1069 726 futuras
1086 662 1154 726 iure

117 757 302 841 deprecor.“

173 848 316 913 Auditis
343 847 490 913 Caesaris
511 847 621 921 litteris
643 848 776 913 remissa
797 849 950 915 aedilibus
972 851 1043 915 talis
1065 873 1154 929 cma3
1172 873 1205 919 aa

117 943 272 1026 luxusque
286 963 433 1018 mensae,
451 965 471 1006 a
487 941 549 1006 fine
561 940 687 1006 Actiaci
700 941 775 1006 belli
788 944 829 1008 ad
846 965 884 1008 ea
897 967 984 1009 arma
997 945 1067 1028 quis
1082 943 1156 1010 Ser-

118 1036 182 1101 rius
196 1034 313 1102 Galba
331 1058 438 1100 rerum
454 1036 586 1121 adeptus
606 1045 664 1112 est,
682 1058 740 1121 per
756 1059 855 1102 annos
874 1049 998 1103 centum
1016 1038 1155 1125 profusis

118 1131 299 1215 sumptibus
321 1130 452 1194 exerciti
467 1130 619 1214 paulatim
637 1130 811 1196 exolevere.
838 1155 951 1197 causas
969 1133 1037 1197 eius
1054 1142 1156 1198 muta-

119 1223 207 1288 tionis
225 1245 387 1307 quaerere
400 1223 486 1288 libet.
508 1223 590 1288 dites
608 1223 683 1288 olim
700 1223 837 1290 familiae
851 1226 1003 1291 nobilium
1021 1237 1075 1291 aut
1092 1226 1156 1291 cla

119 1318 250 1383 titudine
263 1319 412 1404 insignes
428 1317 532 1382 studio
545 1318 794 1404 magnificentiae
807 1320 1063 1405 prolabebantur;
1082 1343 1155 1386 nam

121 1411 210 1477 ctiam
226 1421 303 1478 tum
323 1410 459 1498 plebem,
479 1411 591 1490 socios,
609 1435 707 1498 regna
724 1413 826 1479 colere
843 1426 874 1479 et
892 1413 951 1479 coli
968 1415 1088 1480 licitum
1093 1437 1102 1492 3
1121 1425 1156 1478 ut

121 1506 251 1590 quisque
276 1507 410 1592 opibus,
434 1507 542 1584 domo,
569 1517 681 1592 paratu
706 1509 881 1594 speciosus,
907 1532 964 1596 per
988 1533 1102 1575 nomen
1124 1519 1155 1574 et

122 1599 280 1668 clientelas
299 1601 462 1666 inlustrior
483 1600 671 1666 habebatur:
693 1613 860 1687 postquam
883 1603 1030 1670 caedibus
1053 1604 1155 1670 saevi·

123 1701 235 1760 tumet
253 1696 446 1782 magnitudo
463 1695 566 1760 famae
585 1697 680 1760 exitio
698 1708 777 1775 erat,
796 1699 891 1763 ceteri
909 1700 949 1763 ad
967 1695 1155 1786 sapientiora

124 1800 315 1854 convertere.
348 1789 442 1854 simul
466 1790 541 1853 novi
565 1789 708 1856 homines
734 1793 950 1878 emuuieipiis
973 1803 1004 1858 et
1025 1791 1154 1858 coloniis

125 1887 211 1962 atque
238 1884 341 1947 etiam
366 1883 533 1968 provinciis
560 1883 593 1946 in
619 1895 762 1949 senatum
788 1883 897 1951 crebro
919 1885 1078 1970 adsumpti
1100 1885 1156 1948 do-

125 1975 286 2040 mesticam
309 1975 533 2061 parsimoniam
555 1977 739 2056 intulerunt,
766 1989 798 2043 et
819 2001 1010 2062 quamquam
1030 1980 1156 2042 fortuna

128 2066 173 2129 vel
192 2069 353 2136 industria
375 2069 515 2155 plerique
541 2071 745 2156 pecuniosam
768 2073 808 2138 ad
831 2081 990 2138 senectam
1013 2069 1156 2157 perveni-

127 2171 202 2240 rent,
219 2163 341 2229 mansit
360 2173 464 2228 tamen
480 2165 565 2250 prior
582 2165 715 2230 animus.
739 2166 796 2230 sed
812 2166 999 2252 praecipuus
1017 2163 1154 2230 adstricti

130 2255 217 2321 moris
239 2267 355 2324 auctor
372 2257 587 2344 Vespasianus
610 2259 684 2337 fuit,
708 2260 837 2344 antiquo
857 2260 926 2345 ipse
948 2259 1034 2324 cultu
1055 2258 1155 2322 rietu-

130 2367 198 2428 que;
215 2352 408 2435 obsequium
424 2353 497 2417 inde
514 2353 547 2416 in
561 2354 733 2439 principem
751 2365 783 2419 et
800 2354 978 2420 aemulandi
994 2375 1083 2418 amor
1099 2375 1155 2418 va-

131 2439 214 2510 lidior
234 2469 334 2532 quam
355 2469 458 2532 poena
480 2470 519 2512 ex
541 2447 664 2534 legibus
688 2458 719 2513 ct
740 2460 858 2514 metus:
880 2449 942 2515 nisi
963 2449 1043 2514 forte
1060 2447 1154 2513 rebus

131 2543 242 2608 cunctis
261 2546 349 2608 inest
366 2545 495 2627 quidam
513 2545 599 2608 velut
616 2545 715 2623 orbis,
738 2555 773 2610 ut
794 2547 1059 2629 quemadmodum
1077 2554 1155 2608 tem-

132 2653 234 2716 pomm
251 2641 356 2718 vices,
374 2641 419 2704 ita
436 2663 559 2706 morum
576 2651 750 2720 vertantur,
773 2665 831 2708 nec
849 2643 954 2708 omnia
971 2643 1056 2730 apud
1072 2643 1155 2727 prio-

132 2749 176 2792 res
192 2735 338 2811 melioro‚
362 2735 418 2800 sed
440 2745 547 2810 nostra
564 2758 688 2820 quoque
710 2750 796 2802 aetas
818 2737 918 2802 multa
938 2737 1040 2802 laudis
1058 2745 1090 2800 et
1106 2759 1156 2800 ar·

135 2820 203 2889 tium
217 2827 373 2892 imitanda
393 2831 527 2913 posteris
545 2831 625 2895 tulit.
652 2853 762 2896 verum
784 2831 864 2897 haec
880 2830 971 2896 nobis
991 2827 1153 2916 [maiores]

135 2923 296 2987 certamina
314 2945 354 2986 ex
371 2922 504 2990 honesto
522 2935 677 2990 maneant.

189 3015 338 3082 Tiberius
355 3017 442 3083 fama
453 3021 674 3085 moderationis
692 3030 791 3106 parta,
810 3021 896 3103 quod
913 3018 1086 3104 ingruentis
1104 3039 1157 3083 ac·
1174 3037 1224 3084 tc.

135 3121 286 3176 curatores
303 3123 509 3197 represserat,
531 3114 627 3178 mittit
647 3115 767 3178 litteras
786 3115 827 3178 ad
846 3123 990 3178 senatum
1012 3112 1082 3195 quis
1100 3133 1157 3196 po·

136 3207 272 3270 testatem
289 3205 488 3272 tribuniciam
500 3207 609 3273 Druso
627 3208 768 3294 petebat:
787 3208 820 3273 id
837 3207 952 3274 summi
965 3205 1083 3292 fastigii
1101 3229 1157 3270 vo-

136 3293 275 3363 abutum
286 3298 457 3386 Augustus
473 3303 619 3387 repperit,
638 3325 678 3367 ne
696 3303 779 3389 regis
794 3313 848 3366 aut
866 3300 1024 3366 dictatoris
1042 3323 1156 3366 nomen

136 3388 307 3458 adsumeret
332 3416 371 3458 ac
396 3405 501 3459 tamen
527 3397 735 3483 appellatione
764 3397 869 3482 aliqua
899 3406 1002 3462 cetera
1025 3395 1157 3483 imperia

136 3489 349 3567 praemineret3
371 3488 518 3556 Marcum
541 3493 654 3556 deinde
672 3491 849 3578 Agrippam
872 3493 992 3558 socium
1014 3491 1082 3558 eius
1100 3514 1157 3577 po-

137 3583 259 3658 tcstatis,
277 3605 342 3666 quo
359 3583 508 3650 defuncto
520 3585 689 3650 ¹Tiberium
707 3586 863 3652 Neronem
880 3587 1010 3672 delegit,
1027 3608 1068 3649 ne
1086 3607 1157 3648 suc-

138 3691 233 3742 cessor
254 3676 289 3740 in
312 3676 430 3743 incerto
452 3678 547 3743 foret:
571 3679 616 3744 sic
639 3677 776 3745 cohiberi
798 3703 911 3764 pravas
934 3680 1065 3742 aliorum
1084 3697 1156 3759 spes

136 3767 253 3838 rebatur
257 3795 267 3848 ;
286 3771 380 3836 simul
393 3773 565 3838 modestiae
578 3773 709 3839 Neronis
724 3785 754 3838 et
768 3795 844 3838 suae
861 3769 1069 3856 magnitudini
1081 3768 1158 3831 fide-

138 3857 189 3929 bat
216 3887 283 3948 quo
302 3874 376 3930 tunc
394 3865 538 3952 exemplo
556 3867 702 3932 Tiberius
720 3865 864 3930 Drusum
882 3883 1022 3928 summae
1039 3861 1086 3924 rei
1103 3860 1158 3924 ad-

136 3969 246 4036 movet,
269 3981 344 4023 cum
361 3960 510 4025 incolumi
528 3959 716 4027 Germanico
738 3960 895 4042 integrum
916 3956 997 4018 inter
1013 3955 1093 4018 duos
1110 3954 1159 4018 iu-

137 4047 244 4118 dicium
262 4053 426 4118 tcnuisset.
453 4055 510 4119 sed
525 4055 679 4140 principio
700 4053 870 4116 litterarmn
894 4057 1058 4114 veneratus
1080 4049 1157 4116 deos

136 4155 163 4210 ut
178 4149 313 4216 consilia
331 4171 390 4214 sua
405 4148 612 4233 reipublicae
634 4153 866 4233 prosperarent,
889 4143 1013 4210 modica
1033 4145 1073 4211 de
1090 4168 1157 4211 mo·
