3020 4958
323 442 389 508 274
419 409 427 424 ⁶
678 449 861 505 conumu
876 446 1011 502 murm

324 611 432 676 minax
445 608 615 684 excideret,
629 605 706 670 nihil
720 627 777 690 per
791 606 999 670 temeritatem
1013 547 1279 692 proloquereturl·
1291 545 1372 676 3112·

325 703 493 769 consilium
505 701 684 777 occultavit,
703 699 800 764 telum
818 699 899 763 inter
911 699 1041 786 ignaros
1059 701 1196 784 paravit:
1215 726 1296 767 num
1314 726 1372 768 ex-

325 796 436 862 cubias
454 795 614 873 transiret,
633 792 770 858 cubiculi
787 793 873 858 sores
891 793 1080 872 recluderet,
1098 794 1209 859 lumen
1226 795 1370 874 inferret,

326 891 455 956 caedem
477 897 615 974 patraret
640 886 787 953 omnibus
809 886 947 952 nesciis?
971 887 1074 952 multa
1096 888 1227 954 sceleris
1248 889 1372 956 indicia

326 981 544 1070 praeveniunt:
564 980 647 1046 semi
665 979 692 1044 si
709 979 853 1064 prodant,
872 1001 1046 1065 possumus
1061 979 1180 1068 singrdi
1196 982 1280 1048 inter
1295 982 1371 1069 plu-

326 1099 392 1154 res,
414 1075 473 1139 tuti
493 1074 575 1139 inter
595 1072 721 1149 auxios,
747 1082 922 1158 postremo,
950 1072 978 1136 si
999 1075 1199 1159 pereundum
1222 1075 1278 1154 sit,
1301 1099 1369 1141 non

327 1168 417 1233 inulti
429 1168 510 1232 inter
521 1175 672 1232 nocentes
686 1186 791 1252 agere.
814 1175 964 1251 suspecta
976 1167 1150 1234 maioribus
1164 1168 1282 1233 nostris
1296 1169 1370 1234 fue-

327 1271 399 1326 runt
411 1260 540 1348 ingenia
552 1281 715 1324 servorum
729 1258 824 1324 etiam
837 1281 911 1324 cum
927 1259 962 1323 iu
976 1259 1062 1346 agris
1081 1270 1137 1325 aut
1153 1261 1305 1326 domibus
1323 1263 1369 1326 is-

327 1357 399 1420 dem
420 1362 623 1419 nascsreutur
643 1352 866 1437 caritatemque
888 1352 1090 1419 dominorum
1112 1355 1219 1420 statim
1240 1356 1370 1441 accipe-

327 1456 407 1514 rent:
425 1457 594 1533 postquam
611 1469 687 1512 vero
700 1447 844 1512 nationes
861 1447 896 1510 in
912 1447 1043 1512 familiis
1061 1447 1227 1527 babemus,
1246 1449 1368 1534 quibus

327 1541 441 1606 diversi
454 1541 542 1616 ritus,
561 1549 690 1604 externa
703 1563 793 1604 sacra
809 1550 864 1605 aut
876 1540 964 1606 nulla
981 1551 1065 1620 sunt,
1084 1541 1252 1608 colluviem
1268 1543 1368 1608 istam

327 1657 389 1700 non
410 1633 471 1697 nisi
498 1642 584 1698 metu
606 1634 793 1698 coercueris.
824 1643 858 1699 at
880 1633 1010 1718 quidam
1031 1635 1174 1701 insontes
1200 1636 1367 1722 peribunt:

328 1750 400 1792 uam
417 1737 506 1791 etex
527 1725 600 1792 suso
618 1726 758 1790 exercitu
779 1749 854 1791 cum
875 1727 1019 1792 decimus
1041 1729 1176 1814 quisque
1193 1729 1272 1796 susti
1290 1730 1369 1796 feri-

328 1832 386 1898 tur,
405 1819 499 1886 etiam
513 1819 632 1885 strenui
645 1819 825 1884 sortiuntur.
847 1819 944 1886 habet
956 1821 1077 1905 aliquid
1089 1845 1131 1887 ex
1142 1823 1251 1906 iniquo
1269 1845 1368 1890 omne

329 1937 479 2002 magnum
493 1913 683 1999 exemplum,
701 1913 787 1997 quod
800 1922 909 1978 contra
922 1913 1066 2000 singulos
1084 1915 1218 1981 utilitate
1235 1915 1368 2002 publica

329 2008 545 2096 rependitur.“
700 2067 704 2076 ,
1202 2005 1208 2012 ’

280 2131 312 2177 tc
395 2101 576 2170 Sententiae
594 2100 701 2170 Cassii
717 2111 753 2165 ut
769 2123 862 2166 nemo
880 2121 962 2166 unus
981 2110 1091 2168 contra
1111 2102 1159 2168 ire
1182 2126 1281 2170 ausus
1305 2115 1366 2184 est,

331 2201 375 2265 ita
387 2197 533 2264 dissonae
546 2217 641 2262 voces
654 2194 886 2282 respondebant
898 2217 1066 2260 numerum
1083 2207 1138 2262 aut
1155 2208 1292 2263 aemtem
1310 2211 1368 2266 aut

332 2315 443 2360 sexum
460 2313 498 2356 ac
510 2289 714 2377 plurimorum
726 2288 889 2354 indubiam
901 2288 1113 2356 innocentiam
1130 2291 1367 2374 miserantium

331 2386 504 2475 praevaluit
529 2395 635 2450 tamen
654 2407 728 2470 pars
755 2406 836 2468 quae
863 2383 1053 2470 supplicium
1075 2385 1273 2453 decernebat
1307 2391 1367 2454 sed

331 2479 538 2566 obtemperari
559 2499 623 2544 nou
644 2487 779 2564 poterat,
803 2476 991 2564 conglobata
1012 2479 1213 2545 multitudine
1231 2490 1263 2546 et
1285 2505 1367 2550 saxa

331 2595 368 2638 ac
389 2573 476 2638 faces
497 2571 645 2636 minante.
677 2580 745 2636 tum
768 2570 889 2636 Caesar
908 2571 1062 2657 populum
1084 2573 1187 2642 edicto
1208 2574 1366 2661 increpuit

331 2677 425 2751 atque
441 2687 534 2730 omne
547 2663 614 2741 iter,
633 2684 695 2747 quo
713 2664 853 2730 damnati
871 2666 912 2731 ad
928 2687 1064 2750 poenam
1082 2666 1285 2746 ducebantur,
1305 2671 1365 2734 mi-

331 2759 472 2828 litaribus
489 2757 654 2844 praesidiis
674 2757 800 2844 saepsit.
829 2767 994 2824 censuerat
1012 2759 1190 2847 Cingonius
1208 2761 1312 2828 Varro
1329 2773 1367 2829 ut

331 2853 433 2920 liberti
455 2874 593 2938 quoque,
620 2851 674 2937 qui
696 2851 756 2917 sub
779 2853 891 2918 eodem
912 2861 994 2918 tecto
1016 2853 1167 2932 fuissent,
1194 2855 1287 2920 Italia
1309 2857 1367 2922 de-

331 2957 541 3035 portarentur:
568 2947 642 3012 ida
663 2946 803 3033 principe
824 2945 1017 3032 prohibitum
1038 2958 1101 3027 est,
1128 2971 1169 3014 ne
1191 2969 1261 3015 mos
1282 2951 1367 3016 anti-

332 3065 428 3130 quus,
447 3065 541 3130 quem
559 3041 772 3108 misericordia
788 3064 852 3108 non
869 3040 1037 3120 minuerat,
1059 3064 1117 3128 per
1134 3043 1299 3110 saevitiam
1316 3045 1367 3110 in-

333 3139 518 3206 tenderetur.

282 3257 315 3306 sa
397 3233 575 3300 Damnatus
597 3231 699 3298 isdem
721 3229 902 3298 consulibus
921 3229 1103 3312 Tarquitius
1120 3230 1251 3296 Priscus
1273 3255 1366 3318 repe-

334 3327 500 3392 tundarum
512 3323 658 3410 Bithynis
672 3323 944 3412 interrogantibus,
963 3343 1079 3409 magno
1091 3333 1217 3410 patrum
1234 3327 1364 3412 gaudio,

333 3417 387 3501 qui
403 3425 585 3482 accusatum
607 3416 647 3482 ab
665 3439 703 3482 eo
723 3417 883 3484 Statilium
900 3417 1055 3495 Tamum,
1077 3419 1298 3504 proconsulem
1315 3419 1365 3506 ip·

333 3509 414 3586 sius,
440 3508 655 3574 meminerant.
688 3509 814 3574 Census
840 3532 897 3596 per
920 3507 1041 3576 Gallias
1064 3535 1084 3578 a
1106 3511 1147 3594 Q.
1171 3510 1306 3578 Volusio
1332 3523 1365 3578 et

335 3602 444 3674 Sextio
460 3600 613 3668 Africano
631 3601 851 3687 Trebellioque
868 3603 1013 3670 Maximo
1035 3605 1096 3670 acti
1119 3615 1206 3684 sunt,
1229 3607 1364 3672 aemulis

333 3699 414 3766 iuter
431 3719 466 3763 se
486 3715 542 3784 per
563 3694 757 3762 nobilitatem
774 3695 908 3764 Volusio
930 3707 1024 3782 atque
1040 3696 1209 3766 Africano:
1232 3699 1366 3766 'l'rebcl-

334 3796 411 3861 lium
428 3793 505 3860 dum
521 3801 651 3877 uterque
669 3791 869 3880 dedignatur,
888 3815 984 3877 supra
1000 3793 1108 3860 tulere.

283 3914 315 3962 tt
398 3889 450 3956 Eo
467 3911 550 3956 anuo
566 3898 699 3956 mortem
716 3888 793 3954 obiit
809 3886 981 3952 Memmius
995 3887 1150 3974 Regulus,
1169 3888 1363 3966 auctoritate,

335 3983 523 4063 constantia,
550 3982 649 4063 fama,
676 3983 709 4048 in
730 3992 882 4068 quantum
902 3981 1143 4067 praeumbrante
1165 3981 1363 4068 imperatoris

335 4080 462 4166 fastigio
479 4080 584 4158 datur,
608 4080 725 4158 clarus,
749 4081 827 4146 adeo
849 4087 885 4146 ut
901 4076 984 4144 Nero
1003 4097 1098 4164 aeger
1114 4076 1307 4152 valetudine,
1331 4085 1364 4142 et

335 4171 534 4238 adulantibus
557 4173 674 4238 circum
696 4174 749 4256 qui
767 4174 861 4239 finem
883 4169 1013 4258 imperio
1035 4172 1147 4238 adesse
1170 4169 1317 4236 dicebant
1335 4169 1363 4236 si
