3020 4958
404 448 612 508 ANNALIUM
626 449 701 506 LIB.
714 450 779 508 XV.
798 452 917 506 68—72.
1108 443 1172 510 315

139 556 162 593 p.
173 543 214 584 cn.
225 545 259 583 65.

202 610 304 676 Exim
325 607 452 674 Annaei
474 608 600 672 Lucani
625 607 755 674 eaedem
776 609 917 695 imperat.
942 610 972 676 is
998 611 1172 696 profluente
1192 634 1223 683 το

138 704 295 790 sanguine
317 702 374 768 ubi
395 701 565 787 frigescere
586 701 683 786 pedes
706 725 881 786 manusque
907 712 939 768 et
958 703 1110 788 paulatim
1131 705 1172 772 ab

138 798 290 864 extremis
308 797 420 862 cedere
444 796 587 880 spiritum
609 795 732 862 fervido
749 797 853 862 adhuc
875 807 907 863 et
924 809 1068 884 compote
1085 822 1173 864 men-

138 894 179 958 tis
197 900 327 977 pectore
344 890 507 977 intellegit,
525 890 706 956 recordatus
719 913 845 957 carmen
862 916 883 958 a
900 915 935 958 se
953 893 1170 979 compositmn,

137 1009 203 1070 quo
225 985 423 1051 volneratum
449 985 579 1050 militem
604 1007 662 1070 per
688 986 842 1052 eiusmodi
866 988 976 1052 mortis
1002 987 1172 1076 imaginem

137 1080 247 1146 obisse
265 1079 443 1154 tradiderat,
461 1100 573 1144 versus
589 1079 676 1164 ipsos
694 1080 826 1156 rettulit,
846 1102 945 1165 eaque
963 1081 1008 1146 illi
1026 1103 1172 1168 suprema

137 1197 203 1238 vox
221 1173 292 1237 fuit.
316 1171 451 1240 Senecio
468 1171 601 1257 posthac
618 1183 649 1238 et
659 1171 850 1256 Quintianus
869 1184 900 1239 et
915 1174 1090 1243 Scaevinus
1107 1199 1171 1242 non

138 1290 180 1332 ex
197 1267 301 1352 priore
319 1267 402 1330 vitae
419 1266 559 1343 mollitia,
576 1289 651 1332 mox
668 1267 780 1351 reliqui
798 1269 1028 1336 coniuratorum
1041 1270 1170 1356 periere,

138 1361 227 1425 nullo
245 1361 330 1424 facto
348 1359 472 1425 dictove
489 1361 712 1427 memorando..

205 1453 272 1522 Sed
287 1453 437 1538 compleri
453 1455 579 1520 interim
592 1455 668 1520 nrbs
682 1455 856 1535 funeribus,
876 1456 1068 1542 Capitolium
1082 1457 1171 1524 victi·
1190 1476 1219 1522 71

138 1551 215 1627 mie,
234 1548 315 1614 alius
332 1547 407 1624 filio,
426 1548 522 1614 fratre
540 1549 620 1616 alius
635 1560 689 1616 aut
701 1551 877 1636 propinquo
891 1562 945 1618 aut
959 1551 1060 1618 amico
1074 1553 1171 1618 inter·

138 1643 242 1720 fectis,
260 1664 354 1729 agere
363 1653 468 1729 grates
478 1643 555 1721 deis,
574 1644 932 1725 omarelaurudomum,
951 1669 1056 1734 genua
1068 1648 1170 1734 ipsius

138 1737 267 1802 advolvi
286 1745 317 1800 et
334 1736 477 1801 dextram
495 1739 611 1804 osculis
629 1738 772 1825 fatigare.
791 1751 885 1825 atque
903 1742 955 1807 ille
973 1743 1124 1828 gaudium
1138 1742 1170 1807 id

138 1832 272 1896 eredens
290 1829 423 1895 Antonii
440 1831 561 1896 Natalis
580 1842 612 1896 et
626 1831 769 1898 Cervarii
781 1835 908 1900 Proculi
925 1837 1074 1902 festinata
1089 1835 1171 1903 indi·

138 1926 189 1990 cia
205 1924 381 2009 inpunitate
393 1935 609 1992 remuneratur
614 1951 623 2004 ;
640 1925 792 1992 Milichus
805 1929 952 2013 praemiis
966 1929 1082 1994 ditatus
1097 1953 1170 1994 con·

138 2018 308 2084 servatoris
319 2018 378 2084 sibi
387 2041 510 2095 nomen,
530 2017 654 2086 Gracco
664 2022 731 2086 eius
741 2022 787 2088 rei
796 2021 958 2100 vocabulo,
977 2023 1168 2108 adsumpsit3

137 2138 157 2179 e
175 2113 308 2178 tribunis
328 2110 449 2179 Gavius
465 2112 624 2194 Silvanus,
643 2117 787 2200 quamvis
806 2116 979 2194 absolutus,
1000 2139 1058 2182 sua
1074 2139 1169 2180 manu

137 2208 266 2284 cecidit,
295 2205 416 2274 Statius
439 2207 617 2274 Proxumus
636 2210 775 2288 veniam,
803 2233 898 2294 quam
921 2210 961 2276 ab
983 2211 1169 2296 imperatore

137 2311 313 2387 acceperat,
331 2303 469 2368 vanitate
488 2305 590 2369 exitus
610 2306 756 2390 corrupit.
776 2307 862 2372 exuti
880 2307 993 2372 dehinc
1010 2306 1169 2372 tribunatu

138 2394 374 2481 ‘'Pompeiua,
394 2395 559 2464 Cornelius
577 2398 744 2476 Martialis,
762 2399 892 2466 Flavius
910 2400 1028 2488 Nepos,
1049 2399 1170 2468 Statius

138 2491 311 2566 Domitius,
325 2491 415 2573 quasi
428 2492 602 2577 principem
616 2515 680 2558 non
694 2493 820 2577 quidem
836 2495 984 2574 odissent,
1000 2497 1056 2562 sed
1065 2503 1170 2560 tamen

139 2585 405 2662 existimarentur3
430 2584 534 2650 Novio
553 2585 662 2654 Prisco
689 2609 746 2672 per
768 2589 938 2655 amicitiam
956 2588 1111 2668 Senecae,
1139 2599 1170 2656 et

140 2677 239 2743 Glitio
260 2675 353 2743 Gallo
376 2688 469 2762 atque
487 2678 596 2744 Annio
614 2679 751 2747 Pollioni
773 2683 933 2750 infamatis
955 2687 1057 2772 magis
1075 2707 1169 2769 quam

140 2772 292 2838 convictis
319 2772 392 2838 data
418 2773 524 2852 exilia3
556 2773 700 2840 Priscum
727 2776 856 2842 Artoria
884 2779 1030 2844 Flaccilla
1056 2780 1170 2844 coniux

140 2868 289 2933 comitata
306 2876 363 2944 est,
383 2864 512 2932 Gallum
529 2868 669 2956 Egnatia
686 2869 873 2948 Maximilla,
892 2873 1015 2958 magnis
1033 2874 1169 2958 primum

140 2973 171 3026 et
188 2960 320 3046 integris
342 2960 468 3046 opibus,
495 2973 568 3047 post
585 2965 755 3050 ademptis3
782 2986 863 3047 quae
885 2973 1016 3048 utraque
1038 2965 1169 3050 gloriam

140 3056 209 3118 cius
228 3077 353 3120 auxere.
380 3054 505 3140 pellitur
523 3066 554 3120 et
570 3057 684 3122 Rufius
704 3055 885 3143 Crispinus,
913 3057 1078 3123 occasione
1096 3079 1170 3122 con-

137 3148 318 3226 iurationis,
346 3150 402 3214 sed
419 3150 536 3216 Neroni
558 3152 678 3217 invisus
701 3153 788 3236 quod
804 3152 989 3238 Poppaeam
1010 3152 1169 3236 quondam

140 3244 339 3310 matrimonio
352 3253 501 3310 tenuerat
520 3245 707 3332 Verginium
721 3249 854 3312 Flavum
871 3259 900 3311 et
911 3247 1086 3312 Musonium
1103 3246 1171 3312 Ru-

140 3339 210 3401 fum
229 3337 380 3403 claritudo
401 3339 538 3404 nominis
556 3341 689 3426 expulit:
716 3365 789 3406 nam
807 3340 977 3428 Verginius
1001 3341 1106 3408 studia
1122 3342 1171 3406 iu·

142 3453 258 3496 venum
272 3432 457 3516 eloquentia,
476 3432 645 3500 Musonius
659 3436 834 3522 praeceptis
849 3436 1018 3522 sapientiae
1032 3435 1169 3504 fovebat.

142 3525 331 3592 Cluvidieno
346 3525 472 3609 Quieto,
490 3527 573 3594 Iulio
582 3527 757 3617 Agrippae,
775 3531 873 3597 Blitio
884 3530 1041 3610 Catulino,
1059 3531 1171 3598 Petro-

142 3621 193 3686 nio
215 3621 341 3698 Prisco,
367 3622 449 3688 Iulio
471 3622 595 3702 Altina,
627 3627 712 3690 velut
738 3628 772 3692 in
797 3649 912 3712 agmen
938 3637 969 3691 et
994 3648 1169 3700 numerum,

140 3714 265 3800 Aegaei
274 3715 369 3782 maris
382 3716 503 3782 insulae
516 3719 746 3803 permittuntur.
766 3730 798 3784 at
809 3718 964 3796 Caedicia,
983 3740 1063 3784 uxor
1073 3716 1170 3783 Scae·

141 3809 217 3886 vini,
236 3819 268 3873 et
281 3808 454 3876 Caesonius
465 3811 627 3878 Maximus
645 3814 738 3878 Italia
754 3811 967 3897 prohibentur,
985 3833 1057 3876 reos
1071 3810 1169 3874 fuisse

142 3923 178 3966 se
205 3911 326 3968 tantum
350 3927 453 3990 poena
475 3906 603 3992 experti.
630 3907 749 3983 Acilia,
776 3915 876 3970 mater
892 3904 1018 3970 Annaei
1035 3903 1169 3982 Lucani,

143 3996 210 4062 sinc
229 3997 434 4078 absolutione,
454 4001 521 4066 sine
540 4002 694 4087 supplicio
711 3999 916 4066 dissimulata.

208 4090 334 4174 Quibus
359 4096 545 4180 perpetratis
571 4095 655 4161 Nero
682 4105 713 4160 ct
738 4093 882 4160 contione
903 4092 1037 4158 militum
1062 4091 1169 4162 habita
1189 4116 1219 4164 72

138 4183 218 4250 bina
234 4210 399 4254 nummum
416 4189 502 4255 milia
519 4189 635 4256 viritim
652 4187 899 4275 manipularibus
913 4185 1019 4254 divisit
1037 4188 1170 4256 addidit·
