3042 4956
349 441 412 506 202
696 449 879 510 CORNELII
892 445 1026 507 TAOITI

1267 551 1279 581 ι
1299 553 1314 582 ιι
1332 545 1374 584 soa

347 633 407 676 nco
425 609 578 676 Claudius
600 607 683 674 ultra
704 616 866 696 expectato
888 607 1001 674 obvius
1019 608 1104 694 apud
1126 607 1230 674 sorum
1249 611 1384 695 praebet

349 727 384 771 se
405 704 614 792 gratantibus,
642 711 847 786 senatumque
868 702 1030 788 ingressus
1057 703 1217 768 decretum
1239 705 1382 789 postulat

348 821 411 884 quo
433 799 534 880 iustae
559 797 640 861 inter
659 805 788 881 patruos
810 795 1004 878 fratmmque
1030 795 1110 861 filias
1132 798 1261 883 nuptiae
1284 799 1381 863 etiam

348 893 382 958 in
398 901 559 979 posterum
572 897 793 968 statuerentur3
811 910 870 953 nec
883 899 989 954 tomen
1000 899 1141 975 repertus
1155 899 1205 956 est
1215 891 1278 956 nisi
1296 915 1381 957 unus

348 985 420 1052 talis
437 984 624 1051 matrimonii
642 983 775 1068 cupitor,
800 982 838 1046 Τ.
856 982 1002 1048 Alledius
1022 982 1173 1060 Severus,
1197 1007 1295 1069 eques
1313 986 1383 1050 Ro-

348 1101 475 1157 manus,
498 1101 591 1163 quem
613 1076 753 1163 plerique
773 1073 970 1162 Agrippinae
992 1077 1094 1163 gratia
1115 1077 1275 1164 inpulsum
1297 1079 1382 1144 fere·

348 1172 434 1240 bant
460 1195 553 1238 versa
569 1195 609 1237 ex
627 1193 664 1236 eo
687 1170 810 1247 ciuitas,
834 1179 866 1234 et
887 1180 1000 1235 cuncta
1020 1170 1156 1242 feminae
1179 1171 1380 1251 obediebant,

347 1291 412 1334 non
428 1290 485 1354 per
500 1266 671 1342 lasciviam,
690 1274 726 1328 ut
739 1263 921 1341 Messalina,
940 1263 1034 1329 rebus
1047 1265 1200 1330 Romanis
1219 1266 1380 1331 illudenti:

348 1363 518 1429 adductum
532 1371 563 1426 et
576 1361 667 1446 quasi
680 1359 768 1424 virile
782 1359 957 1424 servitium:
975 1360 1079 1445 palam
1093 1362 1244 1428 severitas
1258 1385 1296 1427 ac
1311 1385 1381 1428 sae-

347 1457 419 1543 pius
437 1455 596 1542 superbia3
614 1454 691 1518 nihil
709 1454 794 1518 domi
811 1453 1002 1538 inpudicum,
1020 1453 1082 1518 nisi
1100 1455 1307 1522 dominationi
1325 1479 1380 1522 ex-

346 1550 481 1636 pediret3
499 1547 613 1633 cupido
627 1548 694 1612 auri
707 1547 851 1612 inmensa
863 1546 1026 1613 obtentum
1038 1547 1183 1628 habebat,
1198 1551 1291 1634 quasi
1305 1551 1381 1618 sub-

347 1644 462 1709 sidium
478 1665 576 1728 regno
594 1651 764 1726 pararetur.

312 1758 329 1806 a
354 1791 356 1798 ,
410 1735 474 1801 Die
491 1735 669 1821 nuptiarum
690 1732 817 1800 Silanus
835 1743 968 1801 mortem
987 1735 1047 1801 sibi
1065 1737 1230 1815 conscivit,
1255 1737 1323 1804 sive
1342 1760 1379 1802 eo

346 1852 447 1914 usque
465 1852 554 1915 spem
571 1830 654 1894 vitae
675 1829 879 1914 produxerat,
903 1852 959 1894 seu
982 1830 1103 1895 delecto
1125 1832 1177 1896 die
1198 1833 1380 1918 augendam

347 1926 388 1990 ad
404 1925 563 1990 invidiam.
587 1922 730 2002 Calvina,
750 1945 838 1988 soror
856 1923 938 2001 eius,
956 1924 1050 1989 Italia
1066 1925 1159 2010 pulsa
1176 1935 1234 1992 est.
1257 1927 1379 1991 addidit

348 2017 501 2086 Claudius
520 2040 609 2084 sacra
626 2039 666 2082 ex
682 2017 806 2104 legibus
820 2018 905 2082 Tulli
922 2019 1006 2104 regis
1023 2019 1209 2104 piaculaque
1227 2021 1314 2105 apud
1331 2021 1380 2084 ln-

346 2136 420 2179 cum
427 2112 552 2178 Dianae
564 2135 621 2198 per
629 2113 791 2198 pontifices
806 2113 918 2189 danda,
932 2113 1132 2178 inidentibus
1146 2115 1278 2192 cunctis,
1293 2114 1380 2198 quod

346 2229 467 2293 poenae
479 2207 773 2292 procurationesque
790 2205 901 2270 incesti
918 2206 952 2270 id
969 2208 1117 2290 temporis
1130 2208 1377 2290 exquirerentur.

348 2310 381 2366 at
397 2299 589 2386 Agrippina,
607 2321 647 2364 ne
664 2300 754 2365 malis
773 2310 894 2364 tantum
910 2299 1103 2365 facinoribus
1120 2309 1304 2379 notesceret,
1324 2323 1379 2366 ve·

348 2394 433 2458 niam
447 2393 531 2457 exilii
548 2415 606 2477 pro
618 2392 752 2458 Annaeo
767 2391 899 2472 Seneca,
919 2394 1011 2458 simul
1024 2404 1202 2480 praeturam
1219 2396 1377 2480 impetrat,

346 2487 462 2551 laetum
480 2487 512 2550 in
529 2486 690 2570 publicum
711 2496 780 2551 rata
798 2487 838 2552 ob
862 2488 1077 2553 claritudinem
1100 2489 1275 2553 studiorum
1297 2490 1377 2567 eius,

345 2589 442 2663 utque
455 2577 588 2644 Domitii
601 2581 735 2665 pueritia
747 2581 802 2646 tali
814 2583 966 2668 magistro
979 2583 1171 2648 adolesceret
1188 2593 1220 2647 et
1237 2583 1378 2648 consiliis

346 2672 486 2736 eiusdem
500 2672 541 2736 ad
555 2695 644 2758 spem
656 2674 875 2740 dominationis
889 2685 1057 2754 uterentur,
1072 2678 1147 2760 quia
1156 2675 1281 2744 Seneca
1292 2677 1377 2743 fidus

345 2766 379 2830 in
394 2766 606 2853 Agrippinam
623 2769 774 2835 memoria
795 2769 940 2836 beneficii
957 2781 990 2836 et
1005 2771 1148 2837 infensus
1167 2770 1304 2838 Claudio
1321 2773 1378 2838 do-

345 2860 411 2926 lore
428 2861 559 2926 iniurias
577 2862 771 2929 credebatur.

313 2975 329 3024 a
411 2954 566 3021 Placitum
590 2957 703 3022 debinc
724 2981 789 3024 non
809 2958 892 3026 ultra
917 2959 1069 3036 cunctari,
1098 2959 1155 3026 scd
1175 2959 1378 3046 designatum

347 3051 508 3116 consulem
531 3050 719 3118 Memmium
741 3052 917 3120 Pollionem
938 3054 1119 3140 ingentibus
1142 3054 1307 3139 promissis
1329 3055 1378 3119 in-

347 3145 466 3210 ducunt
484 3147 669 3212 sententiam
691 3169 887 3233 expromere,
910 3159 1131 3232 quaereretur
1149 3147 1303 3213 Claudius
1321 3150 1378 3214 de-

348 3241 501 3324 spondere
516 3237 683 3306 Octauiam
695 3241 852 3322 Domitio;
865 3243 950 3326 quod
963 3243 1057 3306 aetati
1068 3242 1230 3325 utriusque
1243 3263 1308 3306 non
1321 3241 1378 3308 ab·

347 3335 477 3396 surdum
487 3343 518 3397 et
526 3335 644 3398 maiora
652 3335 882 3418 patefacturum
896 3345 971 3401 erat.
990 3335 1093 3401 Pollio
1101 3336 1186 3401 haud
1195 3335 1376 3421 disparibus

346 3424 451 3488 verbis
469 3447 507 3488 nc
523 3448 623 3510 nuper
636 3426 782 3493 Vitellius
801 3440 921 3508 censet3
941 3430 1214 3516 despondeturque
1229 3428 1376 3507 Octavia,

346 3537 384 3580 ac
398 3539 492 3602 super
503 3518 637 3602 priorem
650 3522 915 3588 necessitudinem
929 3547 1064 3610 sponsus
1077 3525 1140 3589 iam
1154 3534 1185 3589 ct
1198 3547 1296 3612 gener
1307 3523 1377 3590 Do-

346 3610 452 3676 mitius
475 3613 601 3695 aequari
619 3613 799 3680 Britannico
818 3617 930 3682 studiis
948 3620 1071 3696 matris,
1094 3629 1160 3684 arte
1177 3640 1287 3684 eorum
1305 3619 1376 3703 quis

347 3705 388 3772 ob
406 3716 585 3772 accusatam
601 3707 808 3774 Messalinam
825 3711 902 3776 ultio
920 3735 961 3777 ex
977 3714 1043 3780 lilio
1061 3714 1237 3779 timebatur.

299 3821 330 3870 ιο
411 3801 475 3867 Per
491 3801 574 3866 idem
588 3812 711 3890 tempus
728 3803 825 3891 legati
836 3803 1026 3874 Parthorum
1043 3809 1085 3873 ad
1102 3808 1323 3893 expetendum,
1341 3817 1376 3872 ut

346 3897 465 3975 rettuli,
487 3895 695 3974 Meherdaten
712 3899 801 3964 missi
819 3911 962 3965 senatum
979 3902 1197 3989 ingrediuntur
1213 3902 1377 3966 mandata-

347 4011 410 4074 que
421 3991 454 4056 in
470 3990 555 4057 huuc
568 3994 694 4060 modum
707 3993 872 4081 incipiunt:
890 4019 954 4062 non
971 4018 1005 4062 se
1022 3997 1159 4062 foederis
1172 3997 1299 4082 ignaros
1317 4016 1376 4060 nco

348 4084 523 4150 defectione
545 4088 701 4154 asamilia
722 4089 948 4156 Arsacidarum
969 4091 1090 4170 venire;
1114 4091 1170 4156 sed
1192 4090 1290 4155 filium
1308 4087 1375 4153 Vo-

348 4177 449 4256 nonis,
467 4189 613 4265 nepotem
625 4181 771 4250 Phraatis
789 4205 947 4252 accersere
965 4187 1116 4252 adversus
1130 4183 1374 4252 dominationem
