3042 4956
342 424 404 490 186
692 434 876 493 CORNELII
889 433 1019 490 TAClTI

1258 538 1278 568 a.
1292 539 1321 568 n.
1335 529 1394 570 sco.

340 594 395 662 sed
409 593 591 659 claritudine
604 615 721 678 paucos
735 593 815 658 inter
828 615 938 658 senum
951 615 1071 679 regum,
1091 594 1119 658 si
1136 596 1264 679 perinde
1284 620 1395 662 amo-

339 711 405 754 rem
423 689 503 754 inter
524 687 691 773 populares
714 709 809 771 quarn
830 696 950 752 metum
967 689 1052 773 apud
1068 688 1177 754 hostes
1196 691 1394 772 quaesivis-

340 792 397 848 set.
420 803 497 846 nece
506 779 661 846 Vardanis
675 780 815 847 turbatae
829 780 1016 849 Parthorum
1034 805 1085 846 res
1099 783 1180 848 inter
1192 783 1390 870 ambiguos,

340 877 411 961 quis
433 876 466 940 in
486 897 620 962 regnum
646 875 850 959 acciperetur:
878 875 968 939 multi
994 876 1035 940 ad
1058 873 1219 942 Gotarzen
1240 878 1391 942 inclina-

340 969 430 1047 bant,
457 969 584 1052 quidam
607 969 648 1033 ad
664 967 886 1045 Meherdaten,
913 969 1033 1054 prolem
1056 969 1217 1048 Phraatis,
1245 971 1390 1036 obsidio

339 1063 430 1129 nobis
448 1064 570 1158 datum:
589 1063 660 1127 dein
673 1061 846 1148 praevaluit
860 1059 1025 1140 Gotarzen,
1043 1064 1224 1148 potitusque
1238 1065 1386 1150 regiam,

340 1180 396 1244 per
414 1158 575 1225 saevitiam
593 1179 630 1222 ac
647 1157 757 1221 luxum
779 1156 885 1242 adegit
902 1155 1036 1222 Parthos
1055 1158 1177 1222 mittere
1196 1159 1236 1222 ad
1254 1159 1387 1243 princi-

339 1275 412 1337 pem
429 1251 608 1318 Romannm
626 1251 762 1315 occultas
780 1273 898 1334 preces,
917 1251 988 1334 quis
1006 1252 1144 1337 permitti
1160 1251 1383 1319 Meherdaten

339 1345 475 1431 patrium
493 1346 533 1409 ad
550 1345 712 1430 fastigium
731 1344 870 1410 orabant.

291 1462 320 1508 11
404 1439 511 1504 Isdem
533 1437 715 1514 consulibus
737 1438 803 1503 ludi
826 1439 1000 1506 saeculares
1020 1441 1280 1526 octingentesimo
1298 1451 1380 1526 post

338 1533 474 1598 Romam
497 1532 668 1610 conditam,
691 1542 802 1615 quarto
821 1542 852 1597 et
870 1534 1067 1620 sexagesimo
1085 1557 1180 1618 quam
1197 1534 1376 1622 Augustus

339 1627 491 1702 ediderat,
516 1626 647 1709 spectati
665 1635 752 1704 sunt3
776 1627 936 1710 utriusque
958 1628 1106 1714 principis
1123 1630 1260 1698 rationes
1278 1653 1376 1716 prae·
1464 1661 1469 1667 ·

338 1719 486 1797 termido,
511 1719 586 1783 satis
604 1728 744 1784 namatus
766 1720 854 1785 libris
876 1722 990 1804 quibus
1012 1745 1062 1786 res
1084 1723 1281 1808 imperatoris
1299 1724 1375 1789 Do-

337 1811 457 1878 mitiani
475 1813 649 1898 composui:
673 1835 746 1878 nam
764 1814 791 1878 is
815 1836 939 1898 quoque
958 1815 1055 1879 edidit
1077 1816 1169 1882 ludos
1188 1818 1372 1883 saeculares

338 1907 449 1994 hisque
467 1907 614 1972 intentius
634 1907 711 1973 affui
729 1908 902 1972 sacerdotio
920 1909 1187 1992 quindecimvirali
1205 1913 1370 1995 praeditus

338 2024 375 2067 ac
393 2011 467 2066 tunc
484 2010 620 2086 praetor,
644 2002 729 2085 quod
746 2023 809 2066 non
830 2001 977 2067 iactantia
998 2002 1114 2080 refero,
1138 2004 1194 2068 sed
1212 2005 1287 2086 quia
1304 2004 1371 2069 col-

338 2096 421 2182 legio
444 2095 724 2178 quindecimvirum
746 2095 916 2178 antiquitus
939 2117 977 2158 ca
995 2117 1083 2173 cura,
1111 2106 1142 2160 et
1163 2098 1368 2182 magistratus

338 2189 537 2274 potissimum
559 2189 792 2273 exequebantur
813 2188 917 2254 officia
939 2191 1205 2255 caerimoniarum.
1237 2192 1369 2258 sedente

340 2283 474 2348 Claudio
497 2283 687 2348 circensibus
711 2283 807 2360 ludis,
831 2305 903 2347 eum
924 2284 1013 2369 pueri
1035 2285 1155 2351 nobiles
1179 2286 1268 2368 equis
1287 2285 1370 2349 ludi-

339 2399 426 2444 crum
448 2375 562 2440 Troiae
582 2377 695 2440 inirent
717 2377 857 2460 interque
881 2400 934 2442 eos
957 2377 1156 2444 Britannicus
1179 2379 1369 2464 imperatore

338 2469 461 2554 genitus
478 2475 511 2532 ct
525 2470 565 2532 L.
580 2469 740 2534 Domitius
755 2471 922 2555 adoptione
940 2494 1014 2536 mox
1032 2473 1064 2535 in
1081 2473 1247 2558 imperium
1266 2483 1297 2536 et
1315 2495 1369 2537 co-

337 2571 541 2648 gnomentum
559 2562 691 2627 Neronis
715 2564 868 2642 adscitus,
892 2565 982 2630 favor
1003 2565 1103 2650 plebis
1126 2566 1226 2631 acrior
1247 2567 1280 2630 in
1297 2567 1369 2630 Do-

337 2655 459 2718 mitium
472 2655 541 2719 loco
554 2658 711 2744 praesagii
725 2668 872 2743 acceptus
887 2669 948 2737 cst3
963 2659 1210 2746 vulgabaturque
1225 2660 1368 2726 adfuisse

337 2748 486 2813 infantiae
505 2749 571 2814 cius
595 2749 745 2816 dracones
763 2752 796 2816 in
813 2754 943 2818 modum
965 2755 1144 2831 custodum,
1168 2753 1313 2818 fabulosa
1337 2767 1369 2820 et

338 2843 473 2908 externis
487 2844 644 2910 miraculis
659 2846 848 2912 adsimilatat
867 2870 940 2910 nam
958 2847 1035 2933 ipse,
1053 2848 1297 2931 haudquaquam
1317 2850 1369 2914 sui

338 2938 506 3015 detractor,
529 2963 624 3004 unam
646 2940 772 3004 omnino
795 2963 930 3026 anguem
951 2941 984 3005 in
1006 2941 1150 3006 cubiculo
1173 2941 1273 3006 visam
1295 2967 1368 3006 nar-

289 3051 319 3098 12
338 3055 406 3098 rare
425 3032 534 3098 solitus
553 3043 609 3104 est.
637 3056 746 3098 verum
763 3034 921 3098 inclinatio
939 3036 1047 3120 populi
1065 3045 1225 3121 supererat
1243 3058 1283 3100 ex
1300 3059 1369 3100 me-

295 3201 300 3210 ,
337 3127 437 3192 rnoria
451 3125 639 3206 Germanici,
656 3129 744 3194 cuius
759 3129 811 3192 illa
824 3128 944 3211 reliqua
959 3127 1084 3194 suboles
1099 3129 1210 3206 virilis3
1231 3141 1261 3194 et
1274 3131 1368 3194 matri

337 3220 534 3306 Agrippinae
551 3223 709 3288 miseratio
727 3222 901 3308 augebatur
918 3221 958 3286 ob
983 3223 1144 3286 saevitiam
1161 3221 1366 3300 Messalinae,

338 3336 418 3396 qnae
437 3337 560 3398 semper
577 3315 692 3380 infesta
710 3325 740 3380 et
757 3325 831 3380 tunc
849 3316 1045 3393 commotior,
1064 3339 1126 3399 quo
1144 3316 1247 3380 minus
1266 3325 1367 3380 struc-

337 3413 384 3468 ret
401 3405 531 3470 crimina
548 3416 578 3470 et
597 3417 808 3484 accusatores,
831 3433 913 3473 novo
932 3419 963 3474 et
980 3410 1077 3474 furori
1098 3410 1241 3495 proximo
1259 3431 1366 3474 amore

337 3495 556 3562 distinebatur:
574 3522 648 3562 nam
666 3501 698 3563 in
717 3499 755 3564 O.
776 3499 903 3580 Silium,
926 3503 1096 3569 iuventutis
1114 3503 1276 3568 Romanae
1294 3504 1366 3588 pnl-

338 3589 539 3669 cherrimum,
557 3591 601 3656 ita
619 3603 776 3658 exarserat
794 3604 828 3658 ut
845 3596 970 3662 Iuniam
990 3595 1144 3676 Silannm,
1163 3597 1300 3664 nobilem
1318 3598 1366 3662 fc-

337 3685 463 3762 minam,
482 3686 678 3752 matrimonio
692 3688 758 3752 eius
778 3690 956 3756 exturbaret
969 3714 1131 3776 vacuoque
1149 3691 1290 3756 adultero
1308 3713 1366 3776 po-

337 3791 466 3859 teretur3
484 3802 585 3865 noque
605 3779 702 3848 Silius
720 3782 830 3868 flagitii
848 3795 902 3853 aut
918 3785 1049 3870 periculi
1066 3786 1191 3850 nescius
1210 3795 1289 3862 erat3
1309 3785 1366 3848 scd

338 3886 434 3953 certo,
459 3874 485 3940 si
504 3875 665 3954 abnueret,
690 3877 784 3942 exitio
807 3888 838 3942 et
859 3880 1008 3945 nonnulla
1030 3880 1158 3944 fallendi
1176 3902 1247 3965 spe,
1271 3878 1366 3944 simul

337 3970 460 4056 magnis
478 3971 638 4055 praemiis,
662 3972 796 4058 opperiri
814 3973 919 4037 futura
941 3983 972 4038 et
993 3974 1209 4060 praesentibus
1228 3973 1290 4037 frui
1307 3994 1365 4056 pro

338 4064 447 4128 solatio
465 4064 613 4130 habebat:
636 4067 689 4131 illa
706 4091 769 4131 non
787 4067 907 4146 furtim,
932 4069 988 4132 sed
1006 4068 1104 4132 multo
1122 4067 1272 4132 comitatu
1289 4089 1366 4130 ven-

338 4155 426 4221 titare
445 4158 586 4237 domum,
610 4161 788 4246 egressibus
812 4163 1047 4240 adhaerescere,
1070 4161 1176 4248 largiri
1194 4183 1284 4246 opes,
1308 4159 1366 4224 ho-
