2958 4960
300 443 340 506 14
647 451 829 510 CORNELII
843 452 973 508 ΤΑΟΙΤΙ

1214 560 1235 589 a.
1245 562 1266 590 u.
1277 553 1323 592 tet.

295 613 343 679 los
369 610 513 677 denarios
540 619 707 687 mererent,
735 619 842 675 sextus
869 611 1020 679 decumus
1048 614 1193 700 stipendii
1221 641 1322 685 annus

295 707 391 772 finem
408 706 552 782 adferret,
570 703 710 770 neultra
728 704 786 770 sub
802 705 922 772 vexillis
941 715 1127 786 tenerentur,
1146 711 1204 775 sed
1221 711 1323 778 isdem

295 800 455 868 incastris
473 799 647 886 praemium
667 799 801 884 pecunia
818 800 999 868 solveretur.
1022 825 1064 868 an
1080 806 1252 889 praetorias
1271 830 1324 873 co·

295 897 411 974 hortas,
430 916 511 980 quae
529 893 618 960 binos
637 894 779 960 denarios
793 895 977 980 acceperint,
996 918 1077 981 quae
1095 908 1166 983 post
1184 901 1323 967 sedecim

296 1012 394 1055 annos
416 987 581 1074 penalibus
605 988 670 1053 suis
691 987 875 1067 reddantur,
897 989 969 1074 plus
990 992 1201 1076 periculorum
1223 995 1324 1062 susci-

295 1086 389 1172 pere?
413 1107 477 1166 non
499 1082 664 1150 obtrectari
686 1107 705 1148 a
728 1105 762 1148 se
784 1082 919 1150 urbanas
943 1085 1106 1152 excubias:
1134 1087 1194 1155 sihi
1216 1099 1323 1156 tamen

295 1180 380 1267 apud
397 1179 538 1244 horridas
556 1187 666 1265 gentes
685 1199 702 1242 e
720 1176 929 1244 contuberniis
947 1180 1071 1246 hostem
1088 1182 1195 1266 aspici.

247 1297 276 1346 18
359 1273 573 1359 Adstrepebat
585 1273 710 1359 vulgus,
730 1273 861 1338 diversis
876 1273 1093 1352 incitamentis,
1108 1275 1141 1339 hi
1154 1276 1324 1344 verberum

294 1380 394 1445 notas,
413 1368 457 1432 illi
471 1367 625 1445 canitiem,
644 1367 769 1454 plurimi
787 1368 899 1433 detrita
912 1369 1050 1456 tegmina
1068 1379 1099 1434 et
1116 1371 1236 1441 nudum
1255 1394 1324 1438 cor·

293 1487 354 1550 pus
373 1461 612 1548 exprobrantem
635 1472 793 1548 postremo
812 1485 849 1528 eo
867 1463 980 1528 furoris
998 1487 1126 1542 venere,
1145 1475 1180 1531 ut
1196 1475 1260 1534 tres
1278 1467 1324 1533 le-

294 1559 404 1646 giones
427 1558 557 1622 miscere
574 1557 607 1622 in
625 1581 721 1622 unam
743 1559 937 1646 agitaverint.
960 1559 1083 1645 depulsi
1104 1560 1322 1640 aemulatione,

295 1654 369 1737 quia
387 1674 462 1718 suae
485 1651 619 1736 quisque
637 1653 753 1739 legioni
771 1675 843 1718 eum
865 1653 1015 1719 honorem
1032 1653 1236 1738 quaerebant,
1260 1655 1323 1722 alio

294 1757 419 1812 vertunt
436 1755 530 1830 atque
548 1770 612 1812 una
629 1755 692 1812 tres
711 1747 831 1832 aquilas
850 1757 881 1812 et
903 1749 994 1836 signa
1012 1749 1185 1814 cohortium
1201 1751 1323 1830 locant3

295 1842 388 1908 simul
406 1850 578 1928 congerunt
596 1841 764 1927 caespites,
788 1851 952 1908 exstruunt
969 1842 1119 1922 tribunal,
1138 1866 1200 1928 quo
1218 1846 1323 1932 magis

295 1937 464 2022 conspicua
482 1937 573 2002 sedes
591 1936 680 2002 foret.
703 1937 942 2023 properantibus
959 1937 1093 2003 Blaesus
1112 1939 1251 2004 advenit:
1274 1940 1325 2004 in-

295 2029 503 2118 crepabatque
521 2054 558 2096 ac
575 2031 728 2097 retinebat
746 2033 901 2118 singulos,
925 2031 1087 2098 clamitans
1107 2055 1198 2112 „mea
1213 2034 1335 2119 potius¹

295 2129 391 2194 caede
408 2127 538 2193 imbuite
555 2133 682 2193 manus:
704 2127 821 2192 leviore
839 2127 957 2214 flagitio
974 2127 1113 2213 legatum
1130 2127 1323 2194 interficietis

295 2245 389 2307 quam
412 2221 452 2287 ab
474 2223 659 2307 imperatore
682 2221 856 2287 desciscitis
863 2246 872 2300 3
899 2230 953 2286 aut
975 2221 1139 2288 incolumis
1160 2221 1256 2286 fidem
1277 2222 1325 2289 le-

295 2319 424 2404 gionum
441 2316 595 2395 retineb0,
618 2326 673 2383 aut
689 2317 849 2404 iugulatus
867 2317 1088 2403 paenitentiam
1106 2316 1322 2384 adcelerab0.“

247 2433 275 2481 19
295 2409 503 2498 aggerebatur
524 2411 620 2477 nihilo
642 2411 746 2477 minus
769 2434 913 2498 caespes,
935 2412 1060 2496 iamque
1080 2412 1199 2498 pectori
1220 2433 1324 2496 usque

295 2507 483 2583 adoraverat,
499 2527 571 2571 cum
584 2507 710 2571 tandem
723 2506 899 2592 pervicacia
911 2507 995 2571 victa
1006 2507 1164 2592 inceptum
1178 2505 1322 2572 omisere.

294 2600 428 2665 Blaesus
451 2599 550 2664 multe
572 2599 694 2664 dicendi
717 2609 783 2666 arte
805 2624 867 2666 non
884 2623 941 2688 per
962 2601 1147 2666 seditionem
1164 2609 1195 2664 et
1212 2599 1323 2666 turbas

294 2694 449 2759 desideria
466 2693 599 2758 militum
616 2694 658 2760 ad
672 2693 842 2761 Caesarem
860 2695 989 2760 ferenda
1006 2695 1062 2759 ait:
1080 2716 1182 2778 neque
1199 2703 1323 2759 veteres

295 2788 334 2854 ab
351 2787 591 2874 imperatoribus
609 2788 720 2875 priscis
739 2811 841 2874 neque
858 2790 943 2876 ipsos
962 2813 982 2854 a
999 2789 1072 2854 divo
1089 2787 1238 2876 Augusto
1256 2797 1324 2854 tarn

280 2905 376 2948 -ncva
392 2882 555 2967 petivisse3
579 2891 610 2947 et
626 2904 737 2968 parum
754 2883 788 2947 in
806 2892 945 2969 tempore
966 2883 1148 2968 incipientes
1170 2882 1323 2969 principis

294 2999 385 3042 curas
409 2976 543 3055 oneran'3
568 2977 595 3042 si
612 2986 717 3042 tamen
735 2979 896 3042 tenderent
918 2978 951 3041 in
967 2997 1045 3064 pace
1067 2986 1218 3062 temptare
1240 2997 1323 3060 quae

294 3093 334 3137 ne
352 3071 489 3137 civilium
507 3071 634 3155 quidem
651 3070 804 3137 bellorum
821 3071 955 3138 victores
973 3071 1246 3157 expostulaverint,
1265 3091 1323 3135 our

294 3177 402 3231 contra
418 3187 538 3230 morem
555 3164 712 3250 obsequii,
736 3175 844 3233 contra
864 3166 914 3232 fas
937 3165 1118 3252 disciplinae
1135 3164 1201 3228 vim
1222 3163 1323 3229 medi-

294 3259 415 3325 tentur?
437 3259 637 3324 decernerent
654 3259 775 3344 legatos
795 3280 890 3342 seque
913 3280 1017 3323 coram
1035 3258 1182 3322 mandata
1200 3257 1320 3321 darent.

293 3351 522 3415 Adclamavere
534 3361 569 3414 ut
582 3351 664 3416 filius
678 3351 785 3418 Blaesi
798 3351 941 3417 tribunus
954 3352 1109 3438 legatione
1123 3373 1161 3416 ea
1173 3350 1322 3436 fungere-

294 3455 343 3507 tur
359 3451 540 3528 peteretque
558 3443 707 3508 militibus
726 3445 908 3510 missionem
925 3446 965 3512 ab
976 3439 1125 3511 'sedecim
1142 3444 1246 3510 anniae
1270 3465 1322 3509 ce-

294 3547 360 3600 tera
376 3535 577 3600 mandaturos
596 3536 651 3601 ubi
668 3538 769 3624 prima
789 3539 1016 3624 provenissent.
1043 3539 1184 3625 profecto
1205 3538 1321 3602 iuvene

295 3629 452 3695 modicum
474 3628 585 3709 otium3
613 3631 670 3696 sed
692 3633 853 3717 superbire
875 3634 980 3711 miles,
1006 3634 1091 3718 quod
1115 3633 1197 3697 filius
1224 3631 1320 3719 legati

294 3735 397 3789 orator
408 3722 552 3809 publicae
566 3745 679 3789 causae
694 3726 770 3790 satis
784 3728 962 3792 ostenderet
976 3727 1161 3793 necessitate
1170 3746 1321 3811 expressa

294 3841 375 3903 quae
392 3841 448 3905 per
465 3819 650 3884 modestiam
667 3820 964 3887 nonobtinuissent.

243 3931 276 3978 to
357 3914 482 3980 Interea
494 3913 650 4000 ‘manipuli
672 3924 744 3980 ante
762 3925 905 4000 coeptam
922 3915 1106 3982 seditionem
1123 3913 1320 4000 Nauportum

293 4007 382 4072 missi
401 4007 441 4073 ob
459 4009 570 4074 itinera
588 4018 619 4074 et
636 4019 747 4095 pontes
766 4019 798 4074 et
814 4009 892 4075 alios
910 4032 1003 4088 usus,
1025 4018 1193 4096 postquam
1214 4007 1320 4072 turba-

293 4109 360 4164 tum
385 4101 418 4164 in
444 4103 554 4168 castris
585 4125 748 4190 accepere,
779 4103 894 4169 vexilla
919 4103 1099 4170 convellunt
1120 4102 1319 4190 'direptisque

293 4193 443 4279 proximis
465 4197 542 4261 vicis
569 4197 700 4282 ipsoque
722 4197 897 4284 Nauporto,
925 4197 1010 4282 quod
1036 4195 1196 4280 municipii
1222 4195 1318 4260 instar
