3020 4958
322 411 400 510 '290
681 448 1018 508 conamuracrn

1259 551 1280 580 a.
1289 552 1314 582 a.
1327 543 1386 582 815.

335 636 409 678 suas
431 609 572 696 legiones
595 609 694 685 adire,
721 607 853 686 hortari,
879 608 1019 694 priorum
1041 607 1225 686 admonere,
1253 632 1385 675 novam

333 706 467 794 gloriam
484 702 665 769 ostendere:
684 724 746 766 non
764 703 852 766 vicos
870 711 926 767 aut
942 701 1059 789 oppida
1067 701 1295 767 Armeniorum
1313 705 1386 768 sed

334 811 438 866 castra
445 799 591 864 Romana
603 796 745 880 duasque
758 796 792 859 in
805 797 844 862 iis
858 796 999 882 legiones
1012 795 1148 882 pretium
1160 797 1279 862 laboris
1292 799 1383 883 peti.

335 895 363 960 si
389 892 522 980 singulis
545 889 794 976 manipularibus
820 890 990 976 praecipua
1012 891 1129 956 servati
1150 885 1230 956 civis
1252 913 1385 956 corona

335 986 533 1076 imperatoria
549 1007 645 1050 manu
663 983 865 1062 tribueretur,
891 985 978 1068 quod
995 983 1074 1048 illud
1091 995 1124 1048 et
1140 994 1295 1068 quantum
1313 986 1383 1050 de-

335 1105 402 1160 cus,
429 1081 484 1146 ubi
500 1102 559 1166 par
575 1099 684 1144 eorum
700 1100 850 1143 numerus
868 1079 1075 1165 apisceretur,
1102 1079 1158 1162 qui
1180 1079 1382 1145 adtulissent

336 1177 468 1241 salutem
485 1174 589 1258 etqui
606 1171 815 1258 accepissentl
833 1172 883 1237 his
901 1182 996 1256 atque
1014 1171 1131 1238 talibus
1147 1173 1182 1238 in
1199 1195 1380 1240 commune

335 1270 454 1335 alacres
473 1307 515 1316 —
533 1277 565 1331 et
581 1275 670 1332 erant
688 1287 768 1350 quos
786 1265 925 1351 pericula
947 1266 1080 1330 fratrum
1098 1277 1153 1330 aut
1174 1268 1381 1353 propinquo-

335 1385 405 1428 rum
423 1361 557 1448 propriis
576 1359 711 1450 stimulis
727 1359 1175 1424 incenderent—continuum
1189 1361 1244 1425 diu
1257 1372 1380 1426 noctu·

286 1475 317 1520 ra
336 1479 397 1542 que
415 1457 474 1521 iter
489 1453 710 1541 properabant.
738 1475 838 1537 eoque
856 1453 1005 1518 intentius
1023 1453 1202 1540 Vologeses
1223 1477 1378 1541 premere

335 1549 492 1627 obsessos,
511 1549 605 1613 modo
621 1548 736 1612 vallum
750 1547 920 1634 legionum,
939 1548 1034 1613 modo
1048 1548 1222 1626 castellum,
1241 1571 1306 1633 quo
1321 1550 1378 1614 in-

335 1643 424 1708 bellis
451 1651 538 1708 actas
565 1641 806 1718 defendebatur,
834 1641 1032 1728 adpugnare,
1059 1643 1190 1729 propius
1215 1644 1376 1708 incedens

335 1759 429 1821 quam
451 1759 520 1802 mos
537 1735 680 1813 Parthis,
708 1735 736 1800 si
758 1757 797 1800 ca
814 1735 988 1801 temeritate
1009 1735 1135 1802 bostem
1155 1737 1190 1802 in
1210 1738 1376 1823 proelium

335 1832 469 1898 eliceret.
497 1841 529 1896 at
550 1830 596 1896 illi
613 1830 668 1894 vix
686 1829 898 1896 contuberniis
922 1832 1057 1908 extrahi,
1084 1853 1144 1898 neo
1165 1831 1252 1897 aliud
1269 1853 1375 1916 quam

335 1927 530 1992 munimento
546 1924 797 2012 propugnabant,
816 1947 890 2009 pars
907 1924 999 1990 iussu
1011 1926 1111 2004 ducis,
1130 1926 1227 1991 etalii
1239 1927 1376 2012 propria

336 2021 474 2109 ignavia,
492 2032 548 2086 aut
565 2018 779 2085 Corbulonem
797 2017 1009 2105 opperientes,
1028 2042 1066 2085 ao
1083 2020 1132 2086 vis
1150 2024 1180 2085 si
1195 2021 1372 2107 ingrueret,

336 2116 471 2203 provisis
490 2114 641 2201 exemplis
661 2113 824 2180 Caudinae
840 2111 1108 2201 Numantinaeque
1125 2117 1237 2190 clodis:
1262 2138 1374 2198 neque

337 2211 469 2276 eandem
486 2211 551 2276 vim
571 2207 780 2299 Samnitibus,
799 2207 909 2274 Italico
926 2208 1058 2295 populo,
1077 2218 1132 2274 aut
1148 2208 1282 2288 Poenis,
1300 2209 1374 2276 Ro-

338 2305 423 2370 mani
440 2303 561 2390 imperii
579 2303 720 2368 aemulis.
733 2302 884 2368 ‘validam
902 2324 1028 2387 quoque
1051 2313 1083 2374 et
1104 2303 1263 2368 laudatam
1286 2306 1374 2370 anti-

336 2401 498 2484 quitatem,
517 2399 661 2484 quotiens
675 2397 801 2466 fortuna
814 2406 921 2464 eontra
934 2397 1031 2476 daret,
1051 2397 1145 2462 saluti
1158 2397 1372 2464 consuluisse.

337 2516 400 2578 qua
421 2493 637 2579 desperatione
664 2492 820 2558 exercitus
846 2492 913 2558 dux
939 2489 1088 2558 subactus
1114 2493 1232 2579 primas
1259 2501 1372 2560 umen

336 2589 454 2652 litteras
477 2587 518 2650 ad
535 2585 717 2672 Vologesen
738 2609 803 2652 non
821 2587 980 2672 supplices
1003 2587 1060 2652 sed
1081 2587 1115 2651 in
1136 2587 1267 2652 modum
1287 2609 1373 2672 que-

337 2683 433 2748 rentis
451 2681 637 2766 composuit,
656 2681 741 2763 qnod
758 2702 815 2765 pro
823 2680 984 2746 Armeniis
1003 2703 1128 2768 semper
1136 2682 1301 2748 Romanae
1319 2684 1373 2748 di-

337 2773 434 2840 cionis
452 2784 507 2839 aut
524 2773 671 2840 subiectis
684 2775 762 2861 regi,
781 2795 876 2858 quem
889 2775 1058 2862 imperator
1069 2776 1248 2864 delegisset,
1266 2777 1372 2842 bosti-

336 2869 379 2934 lia
395 2869 527 2947 faceret3
544 2889 655 2955 paoem
673 2889 713 2933 ex
731 2889 832 2952 aequo
849 2867 972 2948 utilem:
990 2891 1030 2934 ne
1047 2871 1227 2955 praesentia
1243 2881 1370 2936 tantum

338 2974 506 3052 spectaret:
534 2964 638 3049 ipsum
656 2963 808 3030 adversus
826 2963 906 3028 duas
924 2963 1064 3049 legiones
1086 2965 1161 3030 totis
1183 2965 1274 3052 regni
1292 2966 1372 3031 riri-

338 3061 399 3126 bus
416 3059 596 3126 advenisse:
616 3069 648 3124 at
657 3058 808 3124 Romanis
826 3057 934 3125 orbem
954 3069 1105 3124 terrarum
1118 3061 1283 3144 reliquum,
1302 3083 1371 3146 quo
1411 3100 1416 3109 ·

338 3155 456 3221 bellum
472 3155 625 3221 iuvarent.

291 3275 321 3322 14
403 3251 459 3314 Ad
477 3273 515 3315 ea
524 3248 700 3335 Vologeses
718 3247 794 3314 nihil
811 3271 868 3334 pro
886 3269 992 3325 causa,
1013 3249 1069 3314 sed
1083 3249 1291 3336 opperiendos
1306 3251 1370 3316 sibi

338 3345 450 3408 fratres
464 3342 621 3407 Pacorum
639 3364 676 3406 ac
689 3343 851 3407 Tiridaten
867 3341 1041 3428 rescripsit3
1059 3343 1148 3409 illum
1164 3343 1270 3408 locum
1288 3354 1371 3408 tem-

338 3456 459 3523 pusque
473 3435 603 3499 consilio
612 3435 802 3500 destinatum
811 3438 888 3520 quid
902 3439 941 3502 de
949 3436 1103 3503 Armenia
1116 3449 1277 3504 cernerent
1282 3463 1291 3516 ;
1311 3439 1371 3503 ad-

338 3529 449 3596 iecisse
467 3529 543 3592 deos
561 3528 692 3613 dignum
709 3528 950 3597 Arsacidarum:
970 3532 1063 3598 simul
1081 3543 1112 3598 et
1129 3533 1169 3597 de
1186 3532 1369 3619 legionibus

338 3623 490 3692 Romanis
509 3631 688 3688 statuerent.
712 3622 801 3690 missi
818 3624 950 3710 posthac
963 3650 984 3690 o
999 3626 1099 3692 Paeto
1112 3627 1214 3692 nuntii
1231 3637 1262 3691 et
1280 3627 1368 3713 regis

339 3717 528 3804 colloquium
549 3715 695 3803 petitum,
722 3717 777 3800 qui
794 3717 953 3797 Vasacen,
981 3720 1176 3806 praefectum
1198 3720 1369 3805 equitatus,

340 3817 384 3882 ire
402 3813 503 3880 iussit.
526 3822 593 3878 tum
610 3810 729 3878 Paetus
742 3812 908 3891 Lucullos,
927 3813 1098 3900 Pompeios
1117 3825 1148 3880 et
1166 3815 1194 3880 si
1211 3836 1275 3898 qua
1285 3813 1371 3880 Cae-

340 3933 426 3978 sares
444 3908 631 3976 obtinendae
649 3908 852 3976 donandaeve
869 3907 1040 3974 Armeniae
1058 3917 1201 3996 egerant,
1224 3907 1369 3974 Vasaces

339 4005 508 4092 imaginem
526 4003 678 4068 retinendi
695 4001 886 4090 largiendive
903 4023 1000 4088 penes
1015 4025 1084 4080 nos,
1103 4003 1168 4068 vim
1180 4001 1369 4088 penesPar-

339 4099 409 4163 thos
427 4109 589 4163 memorat.
608 4108 640 4162 et
658 4098 791 4164 multum
808 4099 841 4162 in
859 4098 960 4164 vicem
977 4097 1152 4184 disceptato
1165 4095 1368 4163 Monobazus

337 4189 524 4254 Adiabenus
545 4191 579 4254 in
600 4191 684 4256 diem
701 4201 862 4276 posterum
884 4191 973 4258 testis
996 4191 1044 4257 his
1067 4211 1148 4276 quae
1170 4190 1369 4277 pepigissent
