2960 4962
325 427 386 493 118
590 489 598 500 ,
692 431 876 490 CORNELII
890 432 1020 489 TAOITI

1240 537 1260 566 ι.
1268 539 1289 568 ιι.
1299 529 1362 570 rra.

321 596 428 672 nenia,
451 594 532 658 duae
553 593 587 657 in
608 591 734 656 Moesia
755 589 942 668 attinebant,
964 590 1093 656 totidem
1116 592 1203 677 apud
1219 593 1360 661 Delma·

321 691 397 758 tiam
417 687 542 764 locatis,
566 707 647 770 quae
668 685 773 770 positu
794 685 931 770 regionis
950 709 969 750 a
986 695 1075 770 tergo
1092 686 1168 764 illis,
1193 710 1230 752 ac
1252 689 1279 754 si
1299 713 1360 754 re-

320 783 483 870 pentinum
497 781 649 846 auxilium
660 779 753 846 Italia
765 789 917 864 posceret,
935 779 1019 844 haud
1035 780 1147 865 procul
1165 782 1355 860 accusatur,

321 874 677 963 quamquaminsideret
698 873 808 938 urbem
824 873 969 959 proprius
986 873 1090 950 miles,
1114 883 1177 940 tres
1200 873 1355 954 urbanae,

320 993 435 1038 novem
452 967 624 1056 praetoriae
643 967 799 1044 cohortes,
818 967 947 1032 Etruria
963 967 1062 1032 ferme
1080 966 1276 1052 Umbriaque
1293 971 1355 1034 de-

320 1067 419 1132 lectae
437 1073 491 1129 aut
508 1072 613 1128 vetere
631 1061 726 1127 Latio
745 1069 776 1124 et
793 1061 922 1126 coloniis
941 1061 1111 1145 antiquitus
1129 1061 1291 1127 Romanis.
1314 1073 1354 1128 at

320 1161 404 1248 apud
416 1161 530 1225 idonea
542 1157 771 1245 provinciarum
786 1156 889 1222 sociae
907 1157 1048 1224 triremes
1066 1157 1198 1241 alaeque
1215 1167 1246 1222 et
1259 1159 1352 1222 auxi-

319 1255 362 1320 lia
380 1254 567 1329 cohortium,
590 1272 692 1336 neque
710 1250 809 1315 multo
831 1251 978 1328 secusia.
995 1250 1033 1315 iis
1051 1250 1180 1315 virium:
1205 1251 1261 1316 sed
1277 1274 1350 1337 per-

321 1349 410 1432 sequi
422 1349 575 1412 incertum
589 1347 649 1411 fuit
662 1368 734 1410 oum
747 1367 787 1409 ex
799 1367 860 1410 usu
874 1345 1022 1430 temporis
1035 1345 1097 1409 huc
1110 1345 1185 1410 illuc
1197 1356 1345 1423 mearent,

319 1442 487 1528 gliscerent
503 1461 632 1504 numero
650 1448 681 1503 et
699 1439 866 1521 aliquando
883 1439 1105 1503 minuerentur.

287 1558 302 1605 o
385 1534 571 1620 Congruens
603 1533 787 1598 crediderim
817 1554 978 1598 recensere
1005 1542 1124 1598 ceteras
1151 1554 1276 1616 quoque
1301 1533 1344 1598 rei

318 1627 462 1714 publicae
479 1637 598 1713 partes,
622 1626 856 1710 quibusmodis
875 1627 915 1691 ad
937 1649 1008 1691 eam
1029 1627 1112 1691 diem
1130 1626 1256 1692 habitae
1274 1627 1343 1704 sint,

319 1721 466 1806 quoniam
480 1719 607 1786 Tiberio
620 1719 732 1784 mutati
749 1719 782 1784 in
799 1719 935 1786 deterius
948 1720 1140 1806 principatus
1154 1719 1279 1784 initium
1295 1721 1344 1785 ille

319 1838 419 1882 annus
442 1814 553 1879 attulit.
582 1815 645 1878 iam
662 1813 798 1899 primum
819 1813 946 1898 publica
962 1814 1089 1900 negotia
1106 1823 1137 1878 et
1153 1813 1344 1898 priuatonun

318 1908 457 1975 maxima
478 1909 563 1994 apud
584 1917 689 1994 patres
712 1906 925 1973 tractabantur
946 1907 1139 1990 dabaturque
1157 1907 1345 1992 primoribus

319 2004 470 2069 disserere
493 2012 524 2068 et
545 2003 578 2068 in
600 2001 809 2068 ululationem
833 2001 939 2087 lapsos
963 2000 1127 2068 cohibebat
1148 2001 1232 2087 ipse3
1259 2023 1347 2066 man·

319 2097 476 2183 dabatque
493 2097 628 2163 honores
646 2096 840 2162 nobilitatem
863 2097 1030 2174 maiorum,
1055 2096 1272 2161 claritudinem
1289 2098 1346 2162 mi-

318 2192 416 2270 litiae,
444 2192 590 2258 inlustres
613 2191 698 2256 domi
720 2200 802 2256 artes
826 2191 1009 2276 spectando,
1036 2199 1073 2254 ut
1095 2190 1170 2256 satis
1189 2199 1347 2256 constaret

318 2309 382 2351 non
400 2285 477 2352 alios
495 2286 631 2371 potiores
650 2285 759 2350 fuisse.
783 2307 841 2350 sua
859 2285 1054 2361 consulibus,
1074 2307 1132 2349 sua
1148 2284 1345 2370 praetoribus

319 2379 455 2464 species3
474 2380 628 2444 minorum
647 2400 770 2463 quoque
784 2379 1023 2465 magistratuum
1036 2379 1173 2444 exercita
1189 2387 1345 2464 potestas3

317 2472 480 2558 legesque,
500 2471 527 2536 si
544 2472 716 2536 maiestatis
738 2473 880 2556 quaestio
899 2473 1098 2551 eximeretur,
1121 2471 1204 2538 bono
1221 2471 1256 2536 in
1274 2495 1344 2537 usu.

318 2575 350 2642 at
380 2565 536 2629 frumenta
562 2574 593 2630 ct
618 2567 769 2650 pecuniae
799 2567 984 2653 vectigales,
1016 2576 1119 2632 cetera
1146 2566 1345 2651 publicorum

317 2658 475 2724 fructuum
503 2658 703 2725 societatibus
731 2660 871 2744 equitum
895 2661 1110 2726 Romanorum
1137 2660 1345 2746 agitabantur.

317 2775 367 2820 res
386 2775 459 2818 suas
479 2751 601 2818 Caesar·
620 2754 849 2839 spectatissimo
868 2755 994 2838 cuique,
1019 2753 1207 2838 quibusdam
1228 2754 1346 2840 ignotis

317 2869 358 2914 ex
379 2846 465 2912 fama
490 2846 660 2930 mandabat
682 2847 841 2932 semelque
867 2849 1027 2934 adsumpti
1053 2847 1347 2932 tenebantur'pror-

318 2967 372 3010 sus
391 2945 458 3026 sine
472 2946 575 3023 modo,
595 2945 820 3034 complerique
837 2945 938 3011 isdem
951 2943 1085 3030 negotiis
1103 2944 1344 3030 insenescerent.

316 3039 422 3126 plebis.
440 3040 504 3106 acri
529 3041 656 3125 quidem
682 3063 806 3106 annona
831 3039 1035 3125 fatigabatur,
1064 3039 1120 3103 sed
1144 3037 1231 3102 nulla
1251 3037 1287 3100 in
1309 3059 1347 3101 eo

317 3134 410 3221 culpa
427 3156 466 3200 ex
484 3136 638 3222 principe:
657 3135 734 3219 quin
750 3134 967 3200 infecunditati
984 3143 1135 3197 terrarum
1153 3142 1208 3196 aut
1225 3132 1346 3218 asperis

317 3229 410 3294 maris
429 3228 555 3294 obviarn
572 3229 616 3307 iit,
636 3239 787 3313 quantum
800 3227 958 3314 impendio
972 3225 1195 3312 diligentiaque
1212 3234 1345 3310 poterat.

317 3332 348 3386 et
364 3344 404 3386 ne
421 3323 599 3405 provinciae
617 3323 708 3387 novis
726 3323 873 3387 oneribus
891 3320 1101 3397 turbarentur,
1124 3328 1220 3402 utque
1237 3327 1347 3383 vetera

317 3413 383 3476 sine
401 3414 531 3477 avaritia
548 3421 603 3478 aut
620 3414 801 3480 erudelitate
820 3417 1061 3502 magistratuum
1078 3413 1254 3488 tolerarent,¹
1272 3434 1347 3498 pro-

316 3501 455 3569 videbat:
474 3525 640 3590 corporum
652 3507 792 3585 verbera,
807 3509 1022 3594 ademptiones
1036 3507 1190 3575 bonorum
1204 3505 1344 3570 aberant.

283 3621 296 3667 7
315 3597 377 3664 rari
402 3619 458 3683 per
483 3598 608 3664 Italiam
634 3598 780 3666 Caesaris
812 3601 893 3688 agri,
925 3603 1067 3667 modesta
1094 3600 1232 3676 servitia,
1264 3599 1346 3664 intra

315 3713 433 3778 paucos
458 3692 587 3759 libertos
613 3693 741 3769 domus;
769 3716 806 3759 ac
833 3696 859 3759 si
882 3696 1008 3779 quando
1031 3717 1103 3760 cum
1124 3692 1254 3780 privatis
1281 3692 1346 3757 dis·

316 3795 466 3873 ceptaret,
485 3787 589 3854 forum
608 3797 639 3853 et
656 3787 715 3854 ius.
1428 3783 1431 3791 ’

380 3880 471 3964 Quae
497 3892 622 3962 cuncta,
649 3905 713 3949 non
735 3882 862 3967 quidem
884 3884 966 3949 comi
989 3882 1040 3947 via
1062 3883 1119 3948 sed
1139 3880 1284 3946 horridus
1307 3903 1344 3945 ac

314 3975 498 4060 plerumque
511 3977 707 4055 formidatus,
722 3977 875 4042 retinebat
888 3986 1002 4054 tamen,
1018 3977 1117 4041 donec
1130 3985 1230 4040 morte
1242 3973 1344 4038 Drusi

315 4079 520 4136 verterentur:
544 4095 617 4137 nam
640 4073 715 4137 dum
739 4071 905 4158 superfuit,
929 4093 1086 4149 mansere,
1109 4068 1184 4154 quia
1207 4066 1342 4133 Seianus

315 4160 480 4246 incipiente
499 4163 601 4231 adhuc
619 4166 758 4251 potentie
771 4165 861 4231 bonis
880 4165 1017 4232 consiliis
1031 4173 1191 4230 notescere
1204 4160 1341 4236 volebat,
