3020 4958
312 411 375 476 282
663 416 847 474 CORNELII
860 417 989 476 TACl'l'I

1226 515 1353 554 asma

258 603 290 652 ot
371 577 489 644 Varius
507 597 610 642 sermo
627 575 717 640 etad
733 586 852 641 metum
869 589 963 662 atque
984 578 1062 642 iram
1080 581 1352 648 accommodatus

307 673 417 740 tenuit
429 671 524 737 simul
536 670 713 736 audientem
726 678 756 734 et
769 672 920 736 accendit
943 672 1000 738 sed
1011 693 1122 758 parum
1140 672 1267 740 valebat
1285 699 1352 741 su-

309 767 406 854 spicio
432 767 467 830 in
491 786 584 830 servo
608 773 640 829 et
664 765 900 847 quaestionibus
931 767 1112 831 ancillarum
1139 767 1228 834 elusa
1255 779 1329 835 erat
1336 795 1348 848 3

308 883 385 948 ergo
402 859 632 926 mnfsssionem
648 858 780 924 alieuim
798 861 906 944 quaeri
927 859 1044 946 placet,
1067 861 1118 926 eui
1134 883 1239 927 rerum
1258 884 1350 946 quo-

308 977 371 1040 que
391 975 544 1020 novenum
566 953 683 1017 crimen
704 951 920 1040 affingeretum
948 964 978 1019 et
1001 955 1088 1030 visus
1114 955 1246 1021 idoneus
1269 979 1349 1022 ma-

309 1063 415 1114 ternae
432 1049 518 1114 necis
539 1055 678 1134 patrator
694 1045 861 1126 Anicetus,
885 1048 979 1114 classi
1000 1049 1083 1134 apud
1101 1047 1278 1128 Misenum,
1302 1061 1347 1114 ut

308 1141 494 1219 memoravi,
515 1140 707 1228 praefectus,
729 1141 792 1206 levi
812 1151 886 1228 post
907 1142 1079 1208 admissum
1101 1143 1205 1208 scelus
1222 1144 1343 1229 gratia,

308 1238 381 1303 dein
393 1236 537 1324 graviore
550 1235 632 1312 odio,
650 1234 725 1319 quia
736 1235 890 1300 malorum
907 1235 1080 1302 facinorum
1092 1237 1227 1302 ministri
1244 1239 1345 1321 quasi

308 1331 532 1418 exprobrantes
541 1329 742 1415 aspiciuntur.
764 1329 860 1416 igitur
868 1330 1002 1395 accitum
1010 1353 1082 1395 eum
1092 1327 1212 1396 Caesar
1220 1353 1344 1418 operae

307 1426 419 1512 prioris
436 1425 597 1490 admonet:
616 1423 719 1490 solum
735 1424 939 1490 incolumitati
950 1425 1099 1510 principis
1118 1426 1271 1490 adversus
1288 1426 1343 1490 in-

308 1519 473 1584 sid'mntem
494 1527 625 1582 matrem
652 1517 852 1597 subvenisse;
877 1519 982 1584 locum
1002 1519 1086 1584 haud
1112 1520 1239 1585 minoris
1262 1543 1343 1606 gra-

307 1613 369 1677 tiae
385 1614 515 1689 instare,
539 1611 567 1675 si
588 1611 755 1698 coniugem
777 1612 934 1678 infensam
955 1612 1136 1700 depelleret;
1158 1635 1217 1679 nec
1237 1637 1341 1680 manu

306 1715 361 1771 aut
377 1705 440 1770 telo
456 1726 551 1790 opus:
569 1705 719 1770 fateretur
737 1703 891 1772 Octaviae
907 1707 1102 1772 adulterium.
1126 1708 1248 1773 occulta
1266 1709 1341 1792 qui-

306 1800 379 1866 dem
396 1799 599 1885 adpraesens
617 1799 674 1864 sed
686 1822 803 1886 magna
820 1799 849 1865 ei
861 1802 1001 1886 praemia
1018 1811 1049 1866 et
1067 1824 1210 1868 secessus
1228 1825 1341 1868 amoe-

306 1917 365 1960 nos
382 1893 548 1980 promittit,
569 1893 635 1971 vel,
659 1894 687 1960 si
707 1895 902 1981 negavisset,
924 1917 1033 1961 necem
1050 1895 1189 1962 intentat.
1216 1896 1269 1961 ille
1287 1897 1340 1962 in-

309 1989 370 2055 sita
386 1987 532 2054 vecordia
548 1998 580 2053 et
596 1989 746 2054 facilitate
767 1989 906 2075 priorum
928 1989 1115 2076 flagitiorum
1132 1991 1222 2076 plura
1239 1991 1339 2056 etiam

308 2108 404 2171 quam
421 2085 542 2150 iussum
560 2094 627 2149 erat
643 2083 733 2171 fingit
745 2083 922 2169 fateturque
935 2083 1020 2171 apud
1037 2085 1163 2162 amicos,
1182 2107 1261 2169 quos
1280 2108 1340 2150 ve-

308 2180 355 2244 lut
377 2179 507 2245 consilio
530 2178 715 2244 adhibuerat
736 2179 890 2265 princeps.
917 2187 984 2243 tum
1000 2179 1033 2244 in
1052 2176 1228 2244 Sardiniam
1244 2179 1341 2265 pelli·

308 2287 374 2351 tur,
392 2272 447 2338 ubi
464 2295 528 2338 non
544 2273 635 2358 inops
653 2273 781 2338 exilium
798 2273 940 2338 toleravit
957 2283 988 2338 ct
1003 2273 1070 2339 fato
1088 2272 1173 2338 obiit.
1215 2283 1223 2290 “

258 2394 290 2442 aa
373 2367 419 2432 At
439 2365 524 2432 Nero
548 2367 741 2453 praefectum
764 2368 797 2432 in
822 2389 911 2454 spem
937 2368 1103 2433 sociandae
1130 2367 1238 2432 elassis
1265 2389 1338 2432 cor-

307 2471 434 2546 ruptum
451 2469 492 2538 et,
510 2461 671 2526 incusatae
682 2462 778 2549 paulo
792 2472 863 2528 ante
881 2462 1048 2528 sterilitatis
1062 2461 1186 2539 oblitus,
1205 2460 1337 2527 abactos

306 2565 414 2642 partus
436 2554 627 2618 conscientia
652 2555 818 2620 libidinum
844 2575 943 2640 eaque
969 2556 1029 2622 sibi
1052 2564 1210 2642 comperta
1231 2555 1337 2620 edicto

306 2655 458 2712 memorat
473 2646 638 2730 insulaque
655 2646 845 2713 Pandateria
860 2647 1026 2716 Octaviam
1044 2649 1169 2715 claudit
1191 2671 1255 2713 non
1272 2648 1338 2714 alia

306 2739 379 2806 exul
396 2740 564 2804 visentium
585 2740 693 2806 oculos
711 2741 828 2807 maiore
850 2744 1063 2810 misericordia
1084 2742 1201 2810 affecit:
1224 2743 1337 2807 memi-

306 2843 416 2900 nerant
432 2833 536 2899 adhuc
552 2835 680 2919 quidam
697 2833 893 2923 Agrippinae
911 2862 931 2903 a
948 2838 1088 2917 Tiberio,
1110 2837 1262 2903 recentior
1279 2836 1337 2902 Iu-

306 2930 367 2995 liae
384 2927 534 2994 memoria
551 2929 777 2997 obversabatur
794 2955 813 2996 a
831 2929 965 2998 Claudio
986 2932 1109 3020 pulsae3
1133 2933 1189 2997 sed
1205 2932 1267 2996 illis
1284 2955 1337 2996 ro-

307 3024 367 3090 bur
388 3024 498 3090 aetatis
521 3025 667 3104 affuerat3
693 3026 776 3090 laeta
796 3026 903 3110 aliqua
923 3027 1065 3092 viderant
1085 3035 1117 3091 ct
1136 3035 1336 3111 praesentem

309 3119 471 3185 saevitiam
489 3119 624 3186 melioris
647 3120 721 3185 olim
743 3121 887 3186 fortunae
907 3121 1120 3186 recordatione
1142 3117 1335 3185 allevabunt:

307 3214 381 3278 huic
398 3214 517 3298 primus
535 3214 712 3299 nuptiarum
730 3215 797 3280 dies
815 3215 884 3280 loco
902 3213 1019 3279 funeris
1037 3213 1111 3292 fuit,
1130 3213 1283 3278 deductae
1301 3213 1334 3277 in

307 3309 435 3374 domum
456 3309 490 3372 in
511 3331 574 3392 qua
595 3309 673 3374 nihil
698 3310 760 3376 nisi
780 3310 959 3376 luctuosum
979 3308 1122 3388 haberet,
1150 3317 1256 3394 erepto
1276 3330 1336 3394 per

306 3425 461 3468 venenum
482 3414 570 3487 patre
588 3415 619 3470 et
637 3407 741 3470 statim
759 3407 868 3486 fratre;
891 3417 957 3472 tum
979 3405 1092 3471 ancilla
1112 3405 1240 3470 domina
1256 3405 1336 3469 vali·

306 3495 374 3560 dior
391 3504 423 3559 et
439 3495 589 3582 Poppaea
609 3520 671 3563 non
690 3499 751 3564 nisi
768 3501 802 3564 in
823 3501 992 3585 perniciem
1013 3500 1119 3566 luxoria
1142 3508 1255 3584 nupta,
1276 3521 1335 3585 po·

257 3613 288 3660 te
307 3599 423 3655 stremo
449 3591 566 3655 crimen
591 3592 677 3656 omni
703 3594 799 3659 exitio
824 3596 961 3682 gravius.
979 3617 1031 3666 ae
1051 3593 1157 3680 puella
1182 3593 1334 3658 vicesimo

306 3685 416 3752 aetatis
434 3707 529 3764 anno,
548 3685 628 3752 inter
645 3688 841 3755 centuriones
859 3699 891 3756 et
907 3690 1035 3767 milites,
1053 3689 1218 3776 praesagio
1236 3687 1336 3752 malo-

305 3805 374 3849 rum
397 3782 461 3848 iam
482 3781 547 3848 vita
569 3793 727 3870 exempta,
750 3785 889 3850 nondum
911 3794 1017 3850 tamen
1038 3792 1137 3850 morte
1155 3782 1336 3867 acquiesce-

306 3877 369 3942 bat.
400 3877 509 3964 paucis
536 3876 649 3944 dehinc
670 3877 836 3946 interiectis
859 3877 970 3944 diebus
996 3878 1076 3944 mori
1096 3877 1233 3954 iubetur,
1261 3897 1335 3940 curn

305 3977 369 4044 iam
391 3974 518 4040 viduam
540 3998 574 4040 se
597 3985 628 4040 et
649 3983 769 4040 tanturn
792 3997 928 4040 sororem
950 3981 1116 4038 testaretur
1137 3991 1335 4038 communes-

306 4091 367 4154 que
395 4068 600 4135 Germanicos
626 4078 657 4134 et
681 4078 839 4155 postremo
865 4067 1061 4154 Agrippinae
1087 4087 1202 4132 nomen
1228 4065 1333 4142 cieret,

306 4185 368 4250 qua
385 4164 533 4232 incolumi
550 4163 660 4228 infelix
681 4163 808 4248 quidem
826 4162 1055 4229 matrimonium
1079 4162 1136 4227 sed
1154 4161 1220 4226 sine
1238 4159 1335 4224 exitio
