2960 4962
323 451 385 514 102
669 457 855 514 CORNELII
868 455 996 512 ulem

1243 557 1263 587 a.
1273 561 1295 588 u.
1305 551 1349 590 774.

322 619 470 705 triumphi
492 617 639 703 adeptus3
662 616 817 700 datusque
838 623 940 680 rector
958 613 996 680 Ο.
1018 613 1148 680 Caesari
1166 614 1350 682 Armeniam

321 713 473 780 obtinenti
491 710 653 776 Tiberium
671 729 796 794 quoque
811 708 918 774 Rhodi
936 722 1082 795 agentem
1100 710 1249 788 coluerat,
1269 712 1352 794 quod

256 831 259 838 ⁴
321 817 396 872 tunc
412 805 562 892 patefecit
577 805 612 869 in
630 813 754 881 senatu,
773 803 907 868 laudatis
925 803 958 867 in
977 825 1010 868 se
1029 803 1141 868 officiis
1161 815 1193 868 et
1210 805 1352 870 incusato

321 901 369 966 M.
382 901 499 978 Lollio,
517 921 612 983 quem
630 907 786 964 auctorem
802 895 841 963 C.
858 896 989 962 Caesari
1005 897 1167 982 pravitatis
1186 908 1218 962 et
1235 899 1353 964 discor-

322 997 445 1062 diarum
462 993 613 1080 arguebat
618 1018 628 1072 ;
647 993 704 1059 sed
721 992 832 1057 ceteris
849 991 935 1056 haud
951 992 1034 1056 laeta
1052 993 1202 1057 memoria
1216 991 1354 1075 Quirinii

323 1098 389 1156 erat
406 1088 447 1154 ob
465 1088 592 1166 intenta,
611 1096 646 1152 ut
663 1086 843 1163 memoravi,
861 1086 1005 1171 Lepidae
1022 1085 1161 1171 pericula
1179 1087 1354 1152 sordidam-

323 1205 384 1269 que
402 1192 434 1248 et
450 1190 686 1268 praepotentem
703 1189 871 1246 senectam.

273 1299 305 1348 49
388 1277 468 1342 Fine
482 1276 555 1341 anni
567 1275 736 1342 Lutorium
749 1273 905 1351 Priscum,
924 1274 1061 1358 equitem
1073 1273 1264 1352 Romanum,
1282 1283 1355 1361 post

323 1371 445 1438 celebre
458 1391 584 1436 carmen
601 1392 665 1454 quo
679 1367 859 1436 Germanici
877 1391 1024 1455 suprema
1036 1369 1204 1435 defleverat
1220 1370 1355 1455 pecunia

323 1467 473 1531 donatum
499 1487 518 1530 a
545 1463 696 1541 Caesare,
729 1463 878 1549 corripuit
904 1463 1037 1541 delator,
1070 1463 1231 1530 obiectans
1257 1487 1353 1550 aegro

322 1559 431 1624 Druso
448 1556 670 1651 composuisse⁸
681 1558 776 1641 quod,
797 1558 824 1622 si
841 1557 996 1631 extinctus
1014 1557 1110 1635 foret,
1128 1557 1246 1622 maiore
1263 1579 1355 1644 prae-

322 1653 387 1718 mio
411 1651 607 1738 vulgaretur3
633 1651 667 1717 id
688 1652 841 1717 Lutorius
867 1653 901 1717 in
922 1652 1015 1718 domo
1037 1652 1076 1718 P.
1094 1652 1235 1718 Petronii
1261 1675 1354 1718 socru

322 1747 389 1811 eius
407 1744 536 1811 Vitellia
557 1767 662 1812 coram
684 1746 854 1831 multisque
876 1745 1059 1813 inlustribus
1081 1747 1207 1812 feminis
1225 1769 1284 1833 per
1300 1771 1356 1812 vn·

322 1840 546 1925 niloquentiam
567 1841 696 1928 legerat.
723 1851 759 1906 ut
776 1842 896 1907 delator
917 1842 1032 1920 extitit,
1056 1843 1167 1908 ceteris
1190 1843 1231 1907 ad
1248 1842 1352 1908 dicen-

323 1936 398 2002 dum
417 1935 628 2001 testimonium
647 1935 801 2001 exterritis
820 1936 887 2002 sola
900 1935 1029 2000 Vitellia
1045 1936 1123 2000 nihil
1142 1959 1176 2001 se
1194 1936 1355 2001 audivisse

323 2029 529 2096 adseveravit
558 2031 616 2096 sed
632 2028 835 2116 arguentibus
853 2031 895 2094 ad
911 2030 1083 2115 perniciem
1101 2030 1172 2116 plus
1191 2029 1264 2095 fidei
1281 2031 1353 2108 suit,

324 2125 538 2210 sententiaque
548 2123 671 2189 Haterii
682 2123 853 2211 Agrippae,
869 2124 1005 2189 consulis
1020 2125 1185 2211 designati,
1201 2124 1353 2190 indictum

272 2239 305 2286 ao
322 2241 377 2284 reo
395 2219 537 2284 ultimum
556 2219 753 2304 supplicium.
777 2227 885 2283 contra
901 2217 957 2282 Μ’.
971 2218 1115 2303 Lepidus
1134 2219 1167 2282 in
1184 2219 1269 2283 hunc
1287 2243 1356 2283 mo-

323 2312 399 2376 dum
417 2333 548 2376 exorsus
567 2321 628 2377 est:
653 2313 715 2392 „si‚
737 2322 841 2398 patres
861 2313 1041 2398 conscripti,
1064 2335 1163 2378 unum
1180 2313 1213 2377 id
1230 2323 1355 2399 specta-

323 2427 410 2483 mus,
431 2427 526 2488 quam
544 2405 665 2470 nefarie
687 2428 764 2472 voce
781 2407 934 2472 Lutorius
952 2406 1082 2472 Priscus
1106 2415 1243 2472 mentem
1262 2430 1354 2473 suam

323 2509 355 2563 et
372 2521 463 2565 aures
485 2499 647 2564 hominum
664 2500 824 2585 polluerit,
846 2523 948 2585 neque
967 2524 1073 2567 carcer
1089 2523 1192 2586 neque
1209 2501 1353 2586 laqueus,

322 2614 363 2658 ne
382 2593 510 2657 serviles
528 2593 655 2676 quidem
668 2595 823 2660 cruciatus
840 2595 874 2660 in
892 2617 965 2660 eum
982 2595 1177 2662 suffecerint:
1197 2596 1246 2662 sin
1263 2595 1355 2682 flagi-

324 2687 367 2751 tia
384 2695 415 2750 et
432 2685 571 2751 facirrora
585 2687 652 2751 sine
666 2689 760 2753 modo
774 2698 856 2767 sunt,
877 2690 1038 2776 suppliciis
1053 2713 1091 2756 ac
1109 2691 1255 2756 remediis
1268 2690 1355 2776 prin·

323 2780 401 2865 cipis
420 2780 591 2846 moderatio
603 2781 819 2866 maiorumque
837 2793 867 2848 et
886 2796 991 2850 vestra
1008 2785 1152 2870 exempla
1169 2794 1354 2870 temperant,

324 2884 355 2940 et
372 2898 454 2940 vana
471 2898 491 2940 a
508 2875 664 2954 scelestis,
688 2877 772 2943 dicta
789 2901 808 2942 a
825 2878 987 2944 maleficiis
1010 2879 1171 2957 differunt,
1195 2888 1243 2944 est
1264 2879 1354 2944 locus

324 2970 496 3036 sententiae
521 2992 695 3057 perquam
716 2993 818 3057 neque
840 2973 914 3038 huic
936 2973 1085 3038 delictum
1110 2973 1237 3058 impune
1261 2974 1302 3038 sit
1325 2983 1356 3038 et

322 3087 381 3132 nos
404 3064 586 3132 clementiae
609 3065 762 3132 simulac
785 3067 957 3133 severitatis
980 3089 1044 3132 non
1065 3067 1232 3152 paeniteat.
1260 3089 1355 3153 saepe

324 3159 430 3224 audivi
447 3161 620 3246 principem
642 3170 784 3226 nostrum
807 3171 1062 3246 conquerentem,
1086 3162 1113 3226 si
1135 3162 1206 3245 quis
1229 3171 1357 3247 sumpta

323 3265 422 3320 morte
440 3256 684 3321 misericordiam
702 3257 769 3321 eius
787 3257 1014 3343 praevenisset:
1032 3257 1097 3322 vita
1113 3257 1239 3322 Lutorii
1256 3257 1291 3322 in
1308 3258 1356 3322 in-

324 3357 412 3431 tegro
434 3359 496 3426 est;
522 3350 578 3432 qui
599 3371 701 3433 neque
724 3360 866 3416 servatus
888 3352 922 3415 in
943 3352 1117 3436 periculum
1138 3351 1184 3415 rei
1209 3351 1356 3436 publicae

323 3461 425 3522 neque
446 3440 629 3506 interfectus
651 3443 685 3506 in
707 3444 887 3529 exemplum
904 3445 971 3510 ibit.
1000 3445 1105 3510 studia
1125 3445 1184 3522 illi,
1207 3455 1243 3509 ut
1259 3445 1356 3531 plena

323 3533 521 3612 vaecordiae,
544 3535 710 3601 itaiuania
727 3547 759 3602 et
775 3539 862 3604 fluxa
883 3549 970 3618 sunt3
994 3563 1052 3606 nec
1070 3541 1240 3623 quicquam
1257 3563 1356 3626 grave

325 3648 362 3691 ac
380 3627 496 3692 sarium
509 3651 549 3694 ex
567 3651 604 3694 eo
622 3638 753 3708 metuas,
773 3633 827 3715 qui
842 3655 971 3699 suorum
989 3635 1057 3720 ipse
1075 3635 1265 3721 flagitiorum
1283 3657 1356 3720 pro-

324 3721 406 3788 ditor
418 3745 480 3790 non
493 3723 630 3789 virorum
644 3724 755 3790 animis
770 3727 828 3792 sed
840 3727 1092 3794 muliercularum
1110 3729 1240 3814 sdrepit.
1264 3729 1356 3794 cedat

326 3827 430 3883 tamen
447 3818 525 3885 urbe
543 3817 681 3885 ethonis
704 3819 829 3888 amissis
847 3844 931 3906 aqua
949 3833 980 3888 et
1001 3823 1068 3910 igni
1091 3834 1242 3889 arceatur.
1269 3823 1356 3906 quod

313 3912 453 3997 perinde
471 3937 584 3981 censeo
602 3937 639 3980 ao
657 3915 685 3980 si
701 3914 772 4002 lege
790 3917 962 3982 maiestatis
980 3921 1168 3982 teneretur.“

275 4025 305 4071 51
391 4005 486 4076 Solus
507 4011 634 4097 Lepido
655 4011 821 4078 Rubellius
846 4011 989 4078 Blandus
1013 4035 1030 4077 c
1055 4010 1272 4078 consularibus
1299 4010 1356 4074 ad-

326 4101 438 4180 sensit3
465 4106 559 4170 ceteri
586 4106 771 4172 sententiam
793 4104 956 4194 Agrippae
982 4107 1095 4184 secuti,
1123 4107 1300 4189 ductusque
1322 4104 1355 4168 in

286 4273 291 4284 ἴ
327 4215 482 4261 carcerom
495 4197 623 4264 Priscus
642 4222 679 4266 ac
694 4201 799 4266 statim
814 4202 1018 4267 exanimatus.
1042 4201 1075 4265 id
1088 4200 1234 4267 Tiberius
1253 4198 1353 4264 solitis
