3042 4956
230 403 237 420 ι
332 451 397 520 224
680 458 866 519 CORNELII
880 458 1017 516 TACITI

1254 563 1275 595 a.
1285 565 1307 596 a.
1318 556 1367 598 tot.

332 624 414 688 intra
435 641 560 686 menses
583 616 749 684 defunctis.
781 618 837 684 sad
858 618 892 682 in
912 617 1081 704 praecipuo
1105 641 1224 706 pavore
1245 619 1367 710 Agrip-

332 716 421 804 pino,
438 737 551 780 vocem
569 712 704 790 Claudii,
723 734 819 796 quam
836 712 1026 778 temulentus
1043 714 1169 792 iecerat,
1187 713 1285 781 fatale
1303 717 1367 783 sibi

332 820 368 877 ut
384 810 553 896 coniugum
570 807 689 894 flagitio
705 806 814 884 ferret,
837 806 910 870 dein
926 807 1063 892 puniret,
1086 816 1245 888 metuens,
1268 833 1366 897 agere

332 915 365 972 et
386 905 520 970 celerare
543 901 663 978 statuit,
685 899 807 986 perdita
827 900 914 986 prius
931 900 1073 966 Domitia
1090 902 1229 989 Lepida,
1252 905 1366 971 mulie-

332 999 441 1066 bribus
459 995 578 1074 causis,
596 994 671 1080 quia
687 993 812 1079 Lepida
828 994 948 1060 minore
965 992 1107 1062 Antonia
1123 996 1244 1082 genita,
1263 1021 1366 1064 avun-

332 1093 403 1158 culo
419 1091 582 1178 Augusto‚
605 1086 801 1174 Agrippinae
824 1086 951 1154 sobrina
971 1089 1056 1174 prior
1077 1112 1115 1155 ao
1133 1087 1237 1156 Gnaei
1257 1093 1365 1158 mariti

331 1188 400 1252 cius
418 1208 519 1263 soror,
541 1205 650 1270 parem
668 1181 728 1247 sibi
747 1181 961 1247 claritudinem
984 1181 1145 1263 credebat3
1167 1207 1227 1251 neo
1248 1185 1363 1265 forma,

329 1291 432 1358 aetas,
455 1301 531 1366 opes
548 1277 683 1343 multum
700 1275 871 1354 distabant,
894 1285 926 1341 et
948 1285 1079 1361 utraque
1095 1278 1257 1364 inpudica,
1281 1280 1364 1346 infa-

330 1375 406 1453 mis,
428 1373 578 1450 violenta,
600 1371 687 1437 haud
708 1371 811 1436 minus
833 1371 917 1436 vitiis
940 1371 1190 1453 aemulabantur,
1213 1394 1312 1458 quam
1335 1376 1363 1440 si

331 1492 395 1554 qua
416 1491 456 1533 ex
478 1468 603 1532 fortuna
623 1487 774 1551 prospera
795 1475 993 1551 acceperant:
1021 1467 1179 1533 enimvero
1201 1478 1363 1534 certamen

330 1562 528 1638 acerrimum,
547 1560 642 1624 amita
658 1560 762 1644 potius
781 1583 822 1624 au
839 1569 938 1625 mater
954 1561 1039 1646 apud
1055 1559 1212 1626 Neronem
1230 1584 1363 1648 praeva-

328 1656 419 1733 leret3
438 1678 512 1720 nam
524 1653 650 1739 Lepida
663 1653 884 1720 blandimentis
902 1676 940 1719 ac
956 1654 1172 1742 largitionibus
1190 1656 1362 1724 iuvenilem

329 1748 469 1815 animum
494 1746 704 1824 devinciebat,
732 1747 812 1813 truci
838 1757 945 1814 contra
971 1771 1009 1814 ac
1033 1749 1148 1814 minaci
1169 1749 1361 1837 Agrippina,

329 1865 411 1929 quae
429 1842 494 1908 filio
511 1842 586 1908 dare
603 1840 784 1927 imperium,
803 1842 934 1908 tolerare
952 1843 1181 1930 imperitantem
1198 1845 1360 1928 nequibat.

279 1963 312 2012 65
329 1948 469 2004 ceterum
490 1935 613 2002 obiecta
630 1945 704 2002 sunt
720 1937 805 2022 quod
827 1937 993 2022 coniugem
1014 1936 1163 2023 principis
1185 1937 1362 2006 devotioni-

329 2035 390 2100 bus
416 2032 591 2119 petivisset,
619 2031 766 2116 quodque
791 2053 903 2117 parum
931 2031 1072 2096 coercitis
1097 2053 1155 2117 per
1178 2029 1361 2098 Calabriam

331 2149 492 2193 servorum
505 2125 682 2212 agminibus
700 2146 810 2210 pacem
823 2124 934 2191 Italiae
947 2124 1098 2191 turbaret:
1117 2125 1158 2192 ob
1176 2126 1255 2192 haec
1271 2148 1360 2193 mors

329 2223 457 2301 indicta,
474 2221 608 2286 multum
621 2220 807 2287 adversante
819 2219 976 2298 Narcisso,
995 2220 1050 2304 qui
1062 2217 1274 2307 Agrippinam
1291 2244 1362 2287 ma-

329 2318 379 2404 gis
397 2317 562 2403 magisque
584 2324 768 2401 suspectans
780 2314 984 2400 'prompsisse
1000 2313 1082 2379 inter
1097 2315 1257 2400 proximos
1275 2315 1361 2382 fere-

328 2411 422 2476 batur
439 2420 555 2475 certam
578 2408 638 2475 sibi
659 2409 842 2495 perniciem,
866 2431 923 2473 seu
939 2408 1139 2474 Britannicus
1156 2431 1275 2487 rerum,
1299 2431 1360 2474 seu

328 2504 412 2570 Nero
430 2512 601 2589 poteretur3
619 2523 729 2568 verum
746 2503 790 2567 ita
807 2503 847 2568 dc
865 2525 899 2569 se
911 2503 1057 2568 meritum
1070 2502 1240 2570 Caesarem
1258 2512 1294 2568 ut
1311 2503 1361 2568 vi·

328 2607 392 2662 tam
414 2598 486 2662 usui
512 2597 579 2660 eius
601 2597 797 2681 inpenderet3
825 2597 1000 2662 convictam
1021 2596 1229 2662 Messalinam
1250 2607 1282 2662 et
1305 2595 1360 2664 Si-

327 2692 418 2756 lium:
440 2711 532 2776 pares
550 2690 663 2756 iterum
685 2691 853 2756 accusandi
870 2714 982 2756 causas
1005 2713 1089 2770 esse;
1112 2691 1139 2758 si
1155 2691 1239 2757 Nero
1256 2691 1360 2778 impe-

327 2786 434 2850 ritaret
446 2783 628 2850 Britannico
647 2805 839 2862 successore,
858 2785 979 2851 nullum
995 2784 1127 2871 principi
1144 2785 1304 2850 meritum:
1323 2797 1359 2852 at

327 2901 480 2945 novercae
497 2877 618 2944 insidiis
637 2879 765 2945 domum
782 2901 907 2944 omnem
929 2879 1074 2958 convelli,
1096 2880 1215 2946 maiore
1236 2880 1358 2966 flagitio

327 2995 423 3060 quam
446 2975 473 3040 si
495 2973 709 3060 inpudicitiam
731 2974 842 3060 prioris
864 2973 1008 3060 coniugis
1029 2973 1218 3052 reticuisset,
1244 2996 1358 3058 quam-

327 3092 423 3154 quam
440 3091 480 3134 ne
498 3068 713 3155 inpudicitiam
730 3068 858 3153 quidem
875 3089 958 3133 nunc
975 3067 1087 3134 abesse
1104 3067 1249 3134 Pallante
1266 3068 1358 3134 adul-

327 3175 408 3243 tero,
434 3187 475 3229 ne
500 3163 570 3248 quis
593 3163 733 3250 ambigat
758 3164 869 3240 decus,
894 3162 1060 3248 pudorem,
1088 3184 1215 3248 corpus,
1242 3173 1357 3228 cuncta

326 3281 425 3345 regno
447 3258 557 3323 viliora
578 3257 703 3323 habere.
730 3257 807 3324 haec
830 3267 923 3341 atque
945 3255 1019 3321 talia
1041 3257 1186 3322 dictitans
1208 3257 1356 3342 amplecti

327 3351 552 3428 Britannicum,
566 3352 661 3434 robur
670 3352 779 3418 aetatis
789 3374 884 3435 quam
893 3351 1107 3424 maturrimum
1116 3351 1246 3436 precari,
1260 3351 1356 3416 modo

327 3443 368 3505 ad
386 3444 476 3519 (loos,
494 3443 589 3507 modo
606 3443 770 3529 adipsum
788 3445 915 3510 tendere
932 3467 1059 3510 manusc
1077 3445 1279 3522 adolesceret,
1297 3467 1357 3531 pa-

326 3535 381 3598 tris
399 3534 541 3599 inimicos
559 3535 738 3621 depelleret,
757 3538 865 3602 matris
879 3539 974 3603 etiam
991 3539 1206 3604 interfectores
1224 3538 1357 3604 ulcisce-

276 3649 308 3698 66
325 3637 418 3694 retur.
441 3628 475 3692 in
492 3638 578 3694 tanta
590 3628 673 3695 mole
687 3652 832 3695 curarum
845 3632 1022 3698 valetudine
1035 3633 1168 3698 adversa
1181 3632 1354 3718 corripitur,

325 3723 566 3808 refovendisque
578 3722 697 3790 viribus
711 3724 842 3790 mollitia
859 3727 938 3792 caeli
955 3737 987 3792 et
1004 3727 1185 3792 salubritate
1202 3748 1356 3811 aquarum

328 3817 514 3885 Sinuessam
530 3819 643 3906 pergit

391 3914 476 3979 Tum
496 3912 688 4000 Agrippina,
713 3914 837 3981 sceleris
860 3916 936 3984 olim
958 3924 1043 3982 certa
1065 3925 1097 3981 et
1118 3914 1242 3982 oblatae
1264 3935 1355 3980 occa-

328 4007 423 4073 sionis
441 4030 574 4094 propera
595 4031 655 4075 nec
671 4009 883 4075 ministrorum
905 4032 1017 4096 egens,
1040 4008 1080 4074 de
1102 4031 1218 4096 genere
1240 4008 1354 4073 veneni

327 4100 526 4179 consultavit,
549 4125 590 4168 ne
606 4104 769 4189 repentino
787 4113 819 4170 et
834 4103 996 4191 praecipiti
1013 4103 1137 4169 facinus
1154 4101 1353 4188 productum

327 4194 355 4258 si
380 4195 500 4260 lentum
525 4205 557 4261 et
583 4196 724 4264 tabidum
749 4199 932 4287 delegisset,
958 4221 999 4267 nc
1024 4199 1170 4266 admotus
1196 4195 1353 4284 supremis
