2960 4962
344 423 388 490 90
692 427 876 486 CORNELII
890 425 1023 483 TAClTI

1264 527 1289 558 ι.
1301 529 1327 558 n.
1340 519 1388 558 551⁸„

343 617 363 658 a
376 587 511 656 Camillo
528 585 709 663 memoravi,
726 584 844 650 bellum
860 585 893 648 in
909 583 1022 648 Africa
1038 593 1180 662 renovat,
1198 586 1299 672 vagis
1319 587 1391 671 pri-

342 707 428 750 mum
446 679 700 769 populationibus
718 689 750 744 et
766 677 808 744 ob
824 677 1039 764 pernicitatem
1055 677 1171 756 inultis,
1190 677 1269 743 dein
1288 679 1389 744 vicos

342 777 534 853 exscindere,
552 774 674 840 nahae
686 795 799 860 graves
816 771 949 858 praedas
954 796 964 850 ;
981 779 1140 857 postremo
1157 772 1246 837 haud
1263 772 1389 858 procul

341 871 476 959 Pagyda
491 869 620 936 flamine
632 867 792 936 cohortem
803 867 980 932 Romanam
997 866 1204 932 circumsedit
1228 879 1389 952 praeerat

341 965 470 1030 castello
487 963 638 1042 Decrius,
655 961 791 1047 impiger
807 983 917 1036 manu,
935 960 1090 1025 exercitus
1107 960 1218 1025 militia
1235 971 1268 1026 et
1289 961 1387 1026 illam

342 1059 537 1126 obsidionem
558 1056 668 1143 flagitii
688 1064 789 1120 ratus:
811 1055 838 1119 is
857 1054 1036 1120 cohortatus
1057 1053 1170 1119 milites
1188 1065 1224 1119 ut
1246 1055 1388 1141 copiam

340 1174 466 1239 pugnae
482 1152 515 1216 in
533 1161 642 1236 aperto
658 1149 810 1225 facerent,
829 1148 932 1214 aciem
945 1170 1001 1233 pro
1020 1148 1130 1213 castris
1147 1148 1292 1226 instruit,
1314 1149 1386 1235 pri-

340 1268 456 1329 moque
478 1245 598 1330 impetu
614 1243 708 1329 pulsa
724 1242 849 1307 cohorte
866 1251 1029 1327 promptus
1047 1242 1129 1306 inter
1144 1241 1206 1307 tela
1223 1251 1386 1308 occursat

340 1340 545 1428 fugientibus,
563 1340 703 1424 increpat
721 1335 887 1424 signiferos
905 1336 990 1419 quod
1007 1336 1173 1402 inconditis
1191 1347 1246 1401 aut
1263 1337 1384 1402 deser-

340 1434 460 1499 toribus
477 1432 567 1497 miles
580 1433 743 1497 Romanus
758 1441 847 1517 terga
859 1430 961 1507 daret3
981 1429 1074 1496 simul
1091 1439 1222 1515 excepta
1240 1430 1383 1495 vulnera

339 1537 380 1603 et,
399 1546 590 1609 quamquam
603 1525 777 1590 transfosso
790 1523 891 1600 oculo,
909 1524 1076 1590 adversum
1090 1547 1125 1589 os
1139 1524 1172 1588 in
1185 1523 1315 1589 hostem
1330 1523 1382 1588 iu-

339 1620 438 1684 tendit
455 1640 557 1702 neque
574 1618 727 1703 proelium
739 1619 853 1694 omisit,
872 1618 971 1682 donec
988 1617 1130 1683 desertus
1149 1618 1214 1682 suis
1233 1617 1379 1683 caderet.

289 1737 320 1786 21
404 1711 496 1796 Quae
513 1725 681 1798 postquam
694 1713 735 1777 L.
750 1711 893 1798 Apronio
911 1750 952 1760 —
966 1734 1039 1776 nam
1053 1709 1188 1776 Camillo
1206 1733 1379 1778 successe·

338 1816 608 1892 rat-comperta,
623 1806 774 1892 magis'de
785 1807 896 1870 decore
907 1828 1035 1870 suorum
1047 1827 1144 1890 quam
1156 1805 1257 1891 gloria
1269 1805 1378 1870 hostis

339 1902 466 1978 anxius,
489 1923 559 1966 raro
582 1923 621 1965 ea
640 1909 826 1986 tempestate
848 1910 880 1964 et
898 1922 915 1964 e
930 1909 1037 1964 vetere
1059 1900 1209 1964 memoria
1230 1898 1377 1966 facinore

339 1997 507 2062 decumum
537 2017 694 2079 quemque
724 1994 952 2081 ignominiosae
983 1993 1119 2058 cohortis
1146 2003 1230 2058 sorte
1257 1993 1376 2059 ductos

339 2090 417 2155 fusti
438 2097 542 2155 necat:
570 2099 752 2173 tantumque
776 2088 940 2152 severitate
961 2087 1138 2173 profectum
1160 2087 1374 2152 ut-vexillum

339 2195 566 2260 veteranorum,
584 2206 650 2249 non
663 2183 796 2269 amplius
811 2182 973 2268 quingenti
985 2204 1126 2260 numero,
1145 2182 1273 2247 easdem
1287 2182 1375 2246 Tac-

338 2279 481 2343 farinatis
504 2278 625 2362 copias,
648 2277 838 2362 praesidium
862 2277 913 2340 cui
930 2275 1032 2341 Thala
1053 2299 1168 2342 nomen
1189 2277 1372 2362 adgressas,

337 2371 489 2447 fuderint3
507 2392 571 2453 quo
588 2371 706 2455 proelio
719 2370 824 2435 Rufus
838 2369 984 2447 Helvius,
1002 2371 1166 2456 gregarius
1184 2370 1285 2447 miles,
1307 2392 1374 2434 ser-

337 2464 402 2527 vati
424 2464 501 2527 civis
524 2464 620 2528 decus
643 2464 763 2528 rettulit
788 2464 984 2548 donatusque
1007 2477 1056 2529 est
1077 2464 1118 2529 ab
1140 2463 1284 2550 Apronio
1309 2474 1374 2529 tor-

337 2556 452 2639 quibus
476 2567 507 2621 et
527 2557 632 2621 hasta:
661 2557 781 2624 Caesar
802 2559 922 2623 addidit
944 2558 1076 2624 civicam
1098 2580 1259 2636 coronam,
1283 2557 1373 2642 quod

336 2671 401 2723 non
426 2671 497 2714 eam
527 2671 651 2734 quoque
678 2650 841 2737 Apronius
872 2653 939 2717 iure
970 2653 1166 2739 proconsulis
1197 2652 1371 2728 tribuisset,

336 2753 467 2825 questus
494 2744 595 2829 magis
619 2765 715 2826 quam
742 2743 892 2812 offensus.
925 2746 982 2812 sed
1004 2746 1189 2812 Tacfarinas
1215 2746 1371 2832 perculsis

336 2835 481 2901 Numidis
499 2846 531 2902 et
548 2837 672 2903 obsidia
693 2839 932 2925 aspernantibus
951 2841 1071 2927 spargit
1092 2840 1226 2918 bellum,
1249 2840 1306 2906 ubi
1323 2841 1371 2905 in-

341 2939 485 3007 staretur,
508 2931 622 2998 cedens
641 2954 678 2998 ac
695 2957 821 2998 rursum
842 2934 876 2998 in
893 2944 982 3020 terga
1002 2955 1160 3014 remeans3
1184 2943 1216 3000 et
1236 2935 1315 2998 dum
1333 2957 1371 2999 ea

336 3024 415 3088 ratio
438 3023 570 3091 barbaro
593 3026 667 3103 fuit,
691 3027 817 3092 inritum
839 3027 1021 3112 fessumque
1038 3028 1218 3094 Romanum
1240 3028 1370 3113 impune

336 3115 569 3184 ludificabatur:
599 3130 767 3206 postquam
795 3122 921 3187 deflexit
951 3123 992 3186 ad
1023 3123 1195 3187 maritimos
1226 3122 1314 3187 locos
1342 3133 1369 3186 et

336 3210 485 3296 inligatus
508 3215 625 3296 praeda
644 3216 765 3280 stativis
788 3216 899 3281 castris
922 3216 1125 3293 adhaerebat,
1147 3217 1247 3282 missu
1270 3215 1369 3302 patris

335 3301 497 3384 Apronius
517 3304 691 3371 Caesianus
715 3329 788 3371 cum
806 3308 911 3391 equite
933 3319 965 3374 et
982 3310 1161 3375 cohortibus
1184 3309 1368 3386 auxiliariis,

335 3393 406 3473 quis
428 3393 643 3462 velocissimos
665 3399 825 3483 legionum
848 3401 1024 3480 addiderat,
1051 3425 1235 3489 prosperam
1257 3403 1370 3468 adver-

336 3505 406 3547 sum
423 3485 576 3552 Numidas
594 3511 734 3574 pugnam
752 3491 827 3556 facit
844 3495 993 3579 pellitque
1011 3496 1044 3560 in
1061 3498 1195 3564 deserta.

284 3593 317 3642 aa
398 3575 445 3640 At
466 3577 588 3677 Romae
609 3582 749 3667 Lepida,
776 3586 827 3649 cui
854 3610 949 3673 super
970 3589 1178 3655 Aemiliorum
1204 3590 1302 3655 decus
1326 3590 1367 3655 L.

337 3665 427 3735 Sulla
444 3680 476 3736 et
494 3671 554 3737 Cn.
572 3673 744 3760 Pompeius
762 3681 871 3763 proavi
890 3693 991 3761 erant,
1011 3684 1151 3749 defertur
1168 3683 1368 3748 simulavisse

334 3772 455 3848 partum
478 3788 518 3831 ex
539 3766 577 3831 P.
602 3767 761 3852 Quirinio,
789 3773 884 3840 divite
913 3787 1006 3861 atque
1033 3777 1125 3856 orb03
1152 3777 1369 3844 adiciebantur

335 3857 501 3938 adulteria,
519 3883 641 3928 venena
658 3866 897 3951 quaesitumque
914 3893 972 3956 per
990 3869 1169 3938 Chaldaeos
1186 3873 1221 3937 in
1238 3872 1368 3936 domum

336 3947 492 4031 Caesaris,
507 3955 694 4023 defendente
707 3981 794 4024 ream
808 3960 918 4028 Manio
932 3965 1058 4051 Lepido
1072 3965 1183 4044 fratrc;
1203 3964 1367 4048 Quirinius

334 4051 406 4124 post
424 4045 541 4155 dictum
558 4052 724 4134 repudium
741 4053 844 4119 adhuc
860 4056 1018 4137 infensus,
1037 4059 1182 4143 quamvis
1200 4058 1314 4124 infami
1332 4080 1368 4124 ac

334 4145 457 4201 nocenti
471 4143 701 4250 miserationem
715 4147 886 4216 addiderat.
905 4151 991 4218 haud
1003 4154 1096 4220 facilc
1110 4153 1182 4240 quis
1196 4152 1366 4240 dispexerit
