3020 4958
316 418 378 486 328
663 429 847 487 CORNELII
859 429 992 486 TACITI

1228 535 1250 566 a
1260 537 1282 566 ιι.
1294 529 1342 570 ara.

312 611 387 676 pore
408 587 619 675 capessendae
641 589 686 653 rei
707 587 850 673 publicae
870 588 930 652 iter
948 588 1171 674 ingrederetur.
1199 604 1344 660 ceterum

313 685 390 770 ipsc,
401 706 442 748 an
449 684 555 748 venire
564 683 596 746 in
606 692 747 747 senatum
757 683 890 759 deceret,
904 683 1098 747 meditationi
1111 706 1187 749 suae
1200 687 1341 771 reliquit.

263 797 295 844 27
376 777 423 842 At
439 785 565 863 postera
581 776 735 842 luceduae
752 777 924 861 praetoriae
941 777 1085 841 cohortes
1102 789 1241 844 armatae
1260 792 1342 846 tem-

313 871 400 958 plum
407 868 581 936 Genetricis
589 869 724 934 Veneris
737 869 882 936 insidere.
900 870 1020 934 aditum
1029 881 1156 938 senatus
1165 872 1280 959 globus
1292 885 1342 940 to-

314 975 458 1053 gatorum
466 964 630 1031 obsederat
639 987 701 1030 non
710 963 839 1030 occultis
848 964 972 1050 gladiis,
991 965 1186 1049 dispersique
1199 990 1258 1053 per
1270 970 1342 1034 fora

314 1083 351 1126 ac
360 1060 504 1126 basilicas
515 1060 604 1126 cunei
613 1060 775 1136 militares,
793 1059 875 1124 inter
886 1081 1019 1143 quorum
1033 1072 1179 1145 aspectus
1194 1072 1226 1127 et
1234 1065 1340 1130 minas

313 1155 447 1242 ingressi
456 1155 573 1220 curiam
583 1164 751 1232 senatores,
770 1163 801 1219 et
809 1154 906 1219 oratio
914 1154 1064 1239 principis
1072 1177 1129 1240 per
1137 1168 1340 1239 quaestorem

314 1251 381 1316 eius
392 1251 497 1316 audita
506 1261 568 1316 est:
586 1249 710 1316 nemine
718 1247 902 1314 nominatim
911 1248 1097 1333 compellato
1110 1260 1215 1334 pahes
1225 1275 1341 1338 argue-

313 1345 367 1410 bat
375 1346 460 1428 quod
472 1345 598 1430 publica
611 1343 718 1408 munia
726 1344 904 1408 desererent
913 1364 1082 1425 eorumque
1095 1345 1240 1431 exemplo
1250 1347 1341 1430 equi-

314 1449 361 1505 tes
374 1440 510 1506 Romani
527 1440 568 1504 ad
586 1438 751 1525 segnitiam
769 1445 940 1502 uterentur:
962 1436 1077 1502 etenim
1094 1438 1170 1521 quid
1186 1439 1303 1504 mirum
1322 1463 1340 1504 c

313 1533 490 1620 longinquis
498 1533 666 1619 provinciis
674 1532 759 1597 haud
766 1531 874 1610 veniri,
881 1553 953 1596 cum
960 1530 1100 1616 plerique
1109 1533 1213 1617 adepti
1222 1555 1339 1600 consu-

313 1628 411 1692 latum
420 1636 451 1690 et
464 1627 637 1692 sacerdotia
650 1626 810 1691 hortorum
822 1626 926 1711 potius
941 1627 1120 1691 amoenitati
1132 1626 1339 1692 inservirent?

265 1737 296 1786 28
378 1718 474 1802 Quod
483 1721 568 1784 velut
581 1719 678 1785 telum
691 1720 867 1804 corripuere
881 1729 1089 1786 accusatores.
1108 1721 1275 1786 et'initium
1289 1722 1340 1786 sa-

314 1814 412 1880 ciente
424 1813 623 1892 Cossutiano,
637 1814 755 1879 maiore
763 1814 796 1878 vi
804 1813 975 1879 Marcellus
990 1837 1146 1879 summam
1158 1837 1224 1880 rem
1233 1816 1339 1899 publi·

313 1930 381 1974 casn
391 1907 444 1996 agi
453 1907 645 1974 clamitabat:
665 1908 860 1973 contumacia
868 1908 1052 1972 inferiorum
1064 1908 1223 1973 lenitatem
1235 1910 1338 1996 impe·

312 2004 432 2070 uitantis
450 2003 597 2069 deminui.
625 2003 755 2069 nimium
776 2005 867 2070 mites
886 2004 1013 2070 adeam
1031 2005 1115 2069 diem
1138 2014 1253 2090 patres,
1281 2008 1338 2090 qni

313 2098 487 2164 Thraseam
500 2098 733 2176 desciscentem,
753 2099 807 2182 qui
820 2121 970 2184 generum
984 2099 1051 2164 eius
1066 2097 1251 2164 Helvidium
1264 2099 1338 2163 Pri-

313 2215 402 2258 scum
418 2193 452 2258 in
460 2193 560 2258 isdem
569 2191 735 2270 furoribus,
750 2189 848 2258 'simul
856 2192 1029 2258 Paconium
1038 2191 1260 2278 Agrippinum,
1279 2215 1337 2278 pa-

313 2287 392 2352 terni
401 2287 433 2350 in
442 2286 598 2374 principes
607 2287 671 2352 odii
680 2287 836 2364 heredem,
855 2297 887 2351 et
896 2286 1042 2352 Curtium
1050 2285 1237 2352 Montanum
1247 2288 1336 2351 dete-

313 2382 425 2446 standa
438 2382 576 2447 carmina
588 2381 781 2448 factitantem
795 2381 919 2446 eludere
932 2381 1049 2466 inpune
1068 2380 1212 2446 sinerent.
1230 2383 1336 2464 requi-

311 2499 379 2541 rere
397 2498 431 2540 se
449 2477 481 2540 in
500 2486 610 2540 senatu
628 2477 832 2554 consularem,
851 2477 884 2541 in
901 2477 982 2543 votis
996 2477 1198 2554 sacerdotem,
1216 2476 1250 2544 in
1267 2477 1335 2542 iure

310 2569 441 2634 iurando
450 2569 561 2645 civem,
579 2569 641 2634 nisi
654 2579 761 2633 contra
773 2570 914 2634 instituta
924 2580 954 2634 et
964 2570 1165 2635 caerimonias
1179 2570 1334 2636 maiorum

310 2664 498 2750 proditorem
519 2663 624 2748 palam
647 2671 678 2726 et
698 2663 822 2728 hostem
840 2663 983 2729 Thrasea
1004 2665 1167 2731 induisset.
1198 2665 1334 2748 denique

310 2778 403 2844 agere
417 2766 592 2822 senatorem
606 2765 638 2822 et
650 2756 798 2842 principis
809 2757 1031 2824 obtrectatores
1045 2769 1207 2845 protegere
1222 2757 1332 2823 solitus

310 2851 441 2931 veniret,
470 2860 610 2918 censeret
631 2852 707 2936 quid
729 2852 843 2939 corrigi
865 2862 919 2917 aut
940 2854 1054 2918 mutari
1075 2853 1182 2918 vellet:
1208 2851 1332 2916 facilius

308 2946 482 3034 perlaturos
501 2946 625 3034 singula
641 2947 849 3032 increpantem
867 2949 962 3032 quam
983 2969 1067 3012 nune
1086 2947 1245 3013 silentium
1260 2967 1333 3031 per-

309 3043 427 3108 ferrent
444 3042 550 3107 omnia
567 3042 753 3106 damnantis.
775 3064 886 3127 pacem
904 3042 948 3106 illi
965 3064 1021 3127 per
1039 3041 1146 3106 orbern
1164 3049 1273 3116 terrae,
1292 3063 1333 3104 an

309 3137 454 3202 victorias
474 3137 540 3202 sine
558 3137 673 3202 damno
691 3136 881 3202 exercituum
905 3135 1087 3221 displicere?
1113 3158 1152 3201 ne
1174 3134 1332 3200 hominem

309 3231 399 3296 bonis
408 3228 541 3317 publicis
551 3241 715 3309 maestum,
735 3232 828 3314 etqui
838 3231 915 3308 fora,
935 3231 1064 3307 theatra,
1083 3230 1199 3316 templu
1211 3252 1269 3314 pro
1283 3253 1333 3295 so-

308 3323 438 3389 litudine
451 3323 588 3401 haberet,
607 3324 662 3407 qui
679 3324 873 3390 minitaretur
889 3325 1017 3390 exilium
1032 3347 1134 3401 suum,
1153 3323 1332 3388 ambitionis

307 3435 422 3499 pravae
436 3425 611 3499 compotem
625 3417 772 3481 facerent.
792 3441 856 3484 non
867 3418 913 3482 illi
925 3418 1070 3484 consulta
1081 3417 1169 3495 hace,
1187 3440 1252 3482 non
1265 3440 1333 3481 ma

307 3508 456 3595 gistratus
470 3517 524 3573 aut
532 3508 709 3573 Romanam
722 3511 833 3574 urbem
841 3512 954 3576 videri:
973 3513 1171 3598 abrumperet
1180 3510 1278 3576 vitam
1291 3510 1332 3575 ab

307 3627 345 3672 ea
354 3602 478 3668 civitate
491 3602 579 3668 cuius
590 3603 749 3668 caritatem
764 3603 848 3680 olim,
866 3615 992 3669 nuncet
1005 3616 1168 3692 aspectum
1182 3605 1331 3670 exuisset.

257 3719 288 3771 aa
372 3698 457 3766 Cum
473 3720 530 3785 per
542 3697 620 3764 haee
633 3707 726 3783 atque
744 3697 818 3762 talia
831 3697 1013 3778 Marcellus,
1032 3710 1068 3765 ut
1085 3710 1153 3766 erat
1167 3710 1275 3766 torvus
1294 3720 1332 3764 uc

307 3797 423 3874 minax,
433 3817 520 3873 voce,
530 3793 626 3873 voltu,
637 3794 736 3860 oculis
747 3794 932 3872 ardesceret,
942 3817 1006 3863 non
1019 3795 1074 3859 illa
1086 3805 1162 3860 nota
1175 3804 1206 3860 et
1215 3792 1333 3860 crebri-

307 3901 369 3956 tate
379 3891 591 3978 periculorum
605 3898 694 3954 sueta
706 3889 770 3954 iam
784 3899 911 3955 senatus
925 3889 1091 3966 maestitia,
1111 3889 1168 3953 sed
1184 3909 1286 3952 novus
1300 3899 1332 3951 et

220 4048 221 4055 ,
307 3986 397 4051 altior
404 4007 503 4078 pauor
510 4007 622 4049 manus
633 3994 663 4049 et
672 3984 734 4048 tela
747 3985 880 4050 militum
889 3983 1088 4049 cernentibus
1094 4007 1104 4061 3
1123 3982 1218 4048 simul
1230 3981 1331 4067 ipsius

307 4079 466 4144 Thraseae
488 4078 675 4146 venerabilis
698 4079 820 4165 species
846 4077 1085 4155 obversabatur;
1113 4085 1145 4140 et
1167 4085 1254 4140 erant
1275 4074 1330 4157 qui

306 4170 490 4235 Helvidium
508 4195 632 4256 quoque
651 4173 884 4250 miserarentur,
903 4170 1050 4238 innoxiae
1068 4169 1237 4236 adfinitatis
1255 4189 1331 4253 poe-

306 4287 362 4330 nas
381 4265 540 4341 daturum3
559 4267 635 4349 quid
648 4265 826 4352 Agrippino
844 4266 1001 4332 obiectum
1014 4265 1076 4330 nisi
1094 4264 1214 4330 tristem
1231 4261 1329 4349 patris
