3020 4958
424 489 630 547 amamur!
646 489 721 544 LIB.
734 489 799 544 XV.
816 489 938 544 ast-42
1131 475 1195 540 301

150 597 178 636 p.
188 584 233 626 cu
244 585 277 624 er.

150 653 276 718 lentiae
289 672 425 735 campus
438 659 470 713 et
478 648 566 713 velut
578 669 715 711 vacnum
727 646 849 711 caelum
858 655 1043 710 occurreret.
1061 645 1197 710 necdmn

150 750 281 833 positae
294 753 401 809 metus
415 752 522 807 auctae
533 741 670 806 redibat:
683 763 796 805 saevus
807 763 933 804 narsum
941 749 1104 826 grassum
1111 741 1196 826 ignis

150 839 277 928 patulis
295 837 400 924 magis
418 836 506 900 urbis
522 835 616 911 loeis,
639 855 740 917 eoque
762 843 884 920 strages
901 833 1064 897 bominum
1079 833 1196 897 minor:

152 933 295 999 delubra
312 933 408 996 deum
430 943 462 994 et
478 931 617 1015 porticus
638 927 820 992 amoenitati
840 929 963 992 dicatae
982 926 1078 1015 latins
1094 927 1198 1012 proci·

153 1029 251 1105 dere3
268 1026 406 1112 plusque
422 1024 572 1088 infamiae
589 1023 623 1087 id
638 1023 819 1087 incendium
830 1021 950 1098 babuit,
968 1022 1044 1104 qnia
1058 1022 1196 1106 praediis

154 1120 314 1208 Tigellini
325 1118 514 1184 Aemilianis
526 1126 713 1203 proruperat
724 1115 950 1200 videbaturque
962 1116 1047 1180 Nero
1060 1115 1197 1180 conden-

155 1217 222 1281 dae
244 1213 333 1279 urbis
351 1235 453 1278 novae
474 1223 507 1276 et
528 1221 737 1298 cognomento
758 1232 817 1274 suo
838 1209 1043 1295 appellandae
1063 1210 1196 1295 gloriam

156 1330 324 1394 quaerere.
347 1307 465 1392 quippe
481 1305 516 1369 in
537 1304 682 1391 regiones
698 1304 948 1386 quattuordecim
963 1303 1068 1366 Roma
1082 1303 1197 1366 dividi-

159 1416 228 1481 tur,
255 1423 391 1485 quamm
408 1409 557 1484 quattuor
572 1401 713 1485 integrae
731 1396 914 1474 manebant,
937 1407 1000 1461 tres
1018 1397 1196 1462 solotenus

159 1499 320 1574 deiectae,
348 1505 469 1580 septem
486 1493 615 1578 reliquis
632 1516 735 1579 pauca
747 1503 900 1557 tectorum
917 1492 1052 1578 vestigia
1068 1514 1196 1578 superc-

160 1601 243 1666 rant,
261 1590 368 1654 lacera
384 1600 416 1654 et
433 1598 582 1652 semusta.

227 1684 395 1748 Domuum
407 1691 440 1746 et
452 1681 625 1746 insederam
634 1692 667 1745 et
679 1680 876 1766 templorum,
889 1703 971 1765 quac
983 1681 1101 1746 amissa
1109 1691 1192 1758 sunt,
1211 1705 1242 1748 41

160 1800 330 1843 numerum
351 1776 430 1840 inire
451 1775 538 1840 haud
557 1789 739 1862 promptum
764 1776 872 1854 fuerit;
899 1777 957 1840 sed
981 1776 1195 1842 vetustissima

160 1871 329 1958 religione,
352 1870 438 1954 quod
456 1868 587 1958 Servius
606 1869 730 1934 Ttdlius
747 1870 876 1947 Lunae,
894 1881 926 1934 et
941 1892 1058 1956 magna
1074 1894 1129 1934 ara
1145 1870 1195 1933 fa·

161 1988 317 2050 numque,
340 1987 422 2049 quae
439 1963 597 2049 praesenti
613 1963 746 2028 Herculi
763 1965 866 2028 Areas
883 1963 1034 2028 Euander
1051 1985 1195 2028 sacrare·

159 2071 219 2138 rat,
239 2060 397 2144 aedesque
412 2057 547 2126 Statoris
560 2058 647 2123 Iovis
665 2069 740 2123 vota
751 2057 889 2122 Romulo
905 2056 1089 2139 Numaeque
1106 2055 1195 2140 regia

161 2166 195 2220 et
211 2152 379 2218 delubrum
392 2152 511 2218 Vestae
529 2176 603 2218 cum
614 2152 780 2239 penatibus
793 2151 902 2237 populi
914 2151 1051 2215 Romani
1067 2160 1192 2226 exusta3

160 2250 225 2313 iam
243 2269 322 2332 opes
340 2255 386 2312 tot
408 2247 546 2312 victoriis
568 2247 730 2331 quaesitae
747 2258 779 2311 et
797 2243 990 2312 Graecamm
1008 2243 1122 2307 artium
1139 2243 1195 2306 de·

161 2365 250 2420 cora3
272 2342 347 2406 exin
364 2352 567 2407 monumenta
586 2343 785 2428 ingeniorum
807 2341 936 2424 antiqua
952 2349 984 2404 et
1004 2339 1192 2423 incorrupta,

161 2436 308 2520 quamvis
330 2435 365 2498 in
386 2445 473 2500 tanta
493 2437 686 2523 resurgentis
711 2434 798 2500 urbis
824 2433 1068 2521 pulchritudine,
1094 2431 1194 2496 multa
1319 2516 1322 2520 ·

162 2531 302 2596 seniores
324 2529 532 2608 meminerint,
568 2553 649 2614 quae
666 2531 804 2615 reparari
825 2528 1006 2614 nequibant.
1032 2528 1121 2593 fuere
1138 2526 1193 2610 qui
1226 2538 1231 2544 '
1305 2525 1308 2530 ’

161 2625 348 2690 adnotarent
364 2634 511 2707 quartum
529 2623 686 2689 decimum
703 2624 765 2688 kal.
786 2623 923 2690 Sextiles
940 2622 1128 2710 principium
1144 2621 1193 2684 in-

162 2718 266 2783 cendii
287 2717 381 2782 huius
409 2728 522 2796 ortum,
548 2739 611 2802 quo
637 2727 670 2783 et
691 2717 833 2784 Senones
860 2730 984 2804 captam
1008 2717 1121 2783 urbem
1144 2715 1193 2780 in-

161 2813 401 2878 flammaverint.
432 2813 485 2877 alii
507 2834 544 2878 eo
566 2835 667 2896 usque
689 2835 766 2878 cura
781 2815 941 2901 progressi
963 2822 1036 2878 sunt
1060 2821 1096 2876 ut
1121 2811 1192 2875 toti-

162 2908 236 2972 dem
253 2929 352 2972 annos
375 2929 562 2992 mensesque
580 2916 611 2972 et
629 2907 696 2973 dies
719 2907 800 2972 inter
821 2917 953 2990 utraque
974 2905 1118 2970 incendia
1134 2927 1192 2968 nu-

161 3009 293 3065 merent.

228 3093 378 3160 Ceterum
394 3095 478 3162 Nero
500 3120 577 3162 usus
596 3106 645 3163 est
661 3096 780 3183 patriae
801 3094 901 3159 ruinis
920 3091 1118 3174 extmxitque
1136 3088 1191 3153 do-
1209 3107 1241 3154 ra

161 3211 250 3253 mum
266 3189 300 3252 in
317 3210 380 3273 qua
392 3191 478 3256 haud
494 3192 624 3277 proinde
637 3213 781 3278 gemmae
799 3200 831 3254 et
848 3211 959 3254 aurum
975 3184 1126 3251 miraculo
1143 3205 1193 3248 es-

162 3292 247 3359 sent,
271 3283 363 3349 solita
378 3285 501 3370 pridem
519 3296 550 3350 et
570 3286 649 3350 luxu
666 3286 807 3371 volgata,
825 3305 919 3368 quam
938 3305 1014 3347 arva
1030 3290 1062 3346 et
1081 3288 1193 3366 stagna

162 3377 244 3442 etin
265 3377 395 3442 modum
417 3380 621 3445 solitudinum
643 3380 716 3444 hine
734 3379 845 3456 silvae,
867 3378 940 3443 inde
962 3386 1070 3464 aperta
1091 3374 1193 3462 spatia

162 3479 194 3536 et
209 3481 410 3557 prospectus,
434 3475 593 3560 magistris
612 3484 643 3539 et
660 3473 924 3539 machinatoribus
943 3471 1063 3538 Severo
1080 3477 1116 3536 el
1130 3468 1193 3560 Cp·
1308 3473 1312 3480 '

161 3564 240 3642 lere,
263 3564 379 3648 quibus
401 3567 562 3654 ingenium
585 3579 616 3633 et
634 3569 765 3635 audacia
782 3579 848 3634 erat
866 3570 959 3634 etiam
977 3591 1059 3653 qnae
1081 3576 1193 3632 natura

162 3659 384 3745 denegavisset
404 3683 460 3748 per
477 3673 576 3728 artem
598 3673 748 3749 temptare
772 3675 803 3729 et
819 3663 938 3730 viribus
955 3662 1104 3748 principis
1121 3659 1192 3723 illu-

162 3753 237 3817 dere
242 3777 252 3832 ;
274 3777 411 3840 namque
428 3757 469 3822 ab
486 3759 558 3822 lacu
574 3757 705 3824 Averno
726 3758 936 3844 navigabilem
953 3757 1073 3822 fossam
1090 3775 1192 3836 usquc
1232 3825 1236 3832 ¹

162 3847 204 3911 ad
226 3848 307 3913 ostia
329 3849 479 3916 Tiberina
499 3853 705 3938 depressuros
731 3852 951 3936 promiserant,
979 3846 1133 3932 squalenti
1154 3846 1192 3910 li-

162 3951 229 4006 tore
247 3951 301 4006 aut
317 3965 375 4029 per
391 3954 513 4011 montes
531 3947 696 4024 adversos;
713 3943 912 4029 nequeenim
926 3942 1011 4006 aliud
1027 3939 1191 4005 humidum

161 4035 329 4121 gignendis
347 4039 437 4122 aquis
456 4041 588 4105 occurrit
605 4063 700 4125 quam
717 4038 903 4124 Pomptinae
920 4036 1066 4122 paludes:
1089 4043 1192 4100 cetera

162 4129 296 4217 abrupta
313 4142 368 4197 aut
387 4135 519 4212 arentia,
538 4157 575 4199 ac
593 4135 621 4200 si
637 4132 796 4219 perrumpi
813 4139 955 4217 possent,
978 4129 1190 4196 intolerandus

160 4223 252 4289 labor
267 4248 327 4291 nec
345 4228 421 4292 satis
439 4251 563 4294 causae.
585 4228 669 4293 Nero
687 4235 805 4305 tamen,
828 4235 863 4289 ut
881 4233 946 4291 erat
962 4224 1190 4292 incredibilium
