3020 4958
415 415 623 475 ANNALIUM
637 417 711 474 LlB.
721 419 799 476 XIV.
816 420 935 476 ets-58.
1124 412 1188 476 279

161 525 181 563 p.
192 512 230 552 cr.
244 514 278 551 er.

161 578 351 646 continentia
372 586 427 640 tua
448 575 605 652 laudetur,
633 597 696 640 non
718 585 823 640 tamen
850 577 982 661 sapienti
1004 579 1072 644 viro
1094 580 1187 646 deco-
1248 597 1251 602 ’

159 673 230 738 rum
248 671 352 748 fuerit,
371 671 455 735 unde
472 669 573 734 amieo
590 669 753 746 infamiam
770 680 867 755 paret,
886 670 958 734 inde
975 671 1107 757 gloriam
1126 673 1187 740 sibi

160 767 222 832 reci
264 768 334 830 re.“

223 788 289 924 ideis
308 858 402 923 adicit
419 857 619 942 complexum
637 866 668 922 et
684 856 802 932 oscula,
821 857 924 922 factus
938 869 1049 924 natura
1066 870 1097 924 et
1114 883 1188 925 con-

161 955 329 1028 suetudine
343 954 497 1018 exercitus
510 952 613 1018 velare
627 952 735 1018 odium
752 952 918 1018 fallacibus
936 947 1110 1033 blanditia
1129 953 1189 1020 Se·

159 1073 248 1126 neca,
267 1049 322 1132 qui
339 1048 411 1112 finis
429 1046 569 1112 omnium
586 1069 660 1111 cum
677 1045 856 1112 dominante
875 1069 1063 1125 sermonum,
1081 1058 1188 1134 grates

160 1144 228 1230 agit
232 1143 314 1222 ;·sed
324 1142 467 1206 instituta
478 1141 591 1226 prioris
599 1141 757 1226 potentiae
770 1151 950 1220 commutat,
962 1143 1107 1228 prohibet
1116 1164 1188 1209 coe-

160 1249 212 1302 tus
232 1235 449 1312 salutantium,
468 1235 545 1300 vitat
562 1234 754 1312 comitantis,
772 1258 861 1300 rarus
878 1257 936 1320 per
952 1237 1076 1315 urbem,
1095 1236 1186 1319 quasi
1275 1253 1278 1260 ¹

161 1329 340 1396 valetudine
356 1329 481 1393 infensa
498 1337 552 1392 aut
570 1328 740 1413 sapientiae
754 1328 865 1393 studiis
884 1330 970 1394 domi
987 1331 1185 1396 adtineretur.

226 1424 378 1489 Perculso
402 1421 524 1489 Seneca
543 1433 724 1508 promptum
745 1421 805 1486 fuit
826 1423 947 1488 Rufum
963 1424 1118 1489 Faenium
1139 1425 1186 1488 in·
1206 1447 1237 1493 57

161 1519 302 1583 minuere
319 1517 516 1603 Agrippinae
537 1516 706 1580 amicitiam
727 1517 761 1580 in
778 1539 816 1581 eo
837 1517 1087 1596 criminantibus3
1110 1518 1187 1582 vali-

162 1614 293 1696 diorque
310 1611 345 1675 in
356 1611 424 1675 dies
438 1610 613 1696 Tigellinus
631 1620 663 1675 et
679 1611 779 1676 malas
792 1621 884 1690 artes,
903 1613 1018 1697 quibus
1032 1613 1106 1677 solis
1119 1613 1187 1699 pol-

162 1706 256 1784 lebat,
275 1705 426 1791 gratiores
443 1716 540 1782 ratus,
560 1705 587 1768 si
603 1704 777 1791 principem
795 1707 942 1773 societate
961 1708 1115 1772 scelerum
1131 1708 1187 1773 ob-

162 1799 341 1885 stringeret,
364 1807 466 1862 metus
490 1797 558 1862 eius
580 1797 724 1875 rimatur,
752 1809 962 1885 coopertoque
985 1801 1134 1866 Plautum
1157 1813 1188 1865 et

162 1891 285 1959 Sullam
298 1891 434 1956 maxime
447 1891 558 1969 timeri,
576 1890 726 1956 Plautum
738 1891 772 1957 in
784 1891 908 1970 Asiam,
929 1893 1050 1960 Sullam
1063 1895 1096 1958 in
1110 1888 1187 1959 Gal-

159 1987 235 2052 liam
256 1986 492 2054 Narbonensem
518 2008 619 2070 nuper
644 1995 781 2064 amotos,
805 1987 1001 2052 nobilitatem
1027 2010 1135 2054 eorum
1157 1999 1189 2052 et

160 2081 353 2167 propinquos
374 2079 449 2145 huic
471 2079 620 2157 Orientis,
643 2079 690 2144 illi
713 2077 902 2144 Germaniae
924 2080 1079 2144 exercitus
1102 2102 1187 2144 com-

159 2184 326 2241 memorat:
349 2195 413 2238 uon
430 2195 478 2251 se,
500 2183 536 2237 ut
556 2173 708 2251 Burrum,
732 2174 874 2238 diversas
897 2195 985 2259 spes,
1009 2174 1066 2238 sed
1088 2173 1187 2238 solam

158 2268 405 2334 incolumitatem
421 2266 554 2344 Neronis
578 2277 732 2352 spectare;
755 2267 807 2332 cui
829 2266 933 2333 caveri
954 2277 1123 2352 utcumque
1146 2267 1187 2332 ab

159 2363 288 2429 urbanis
306 2361 428 2425 insidiis
449 2362 607 2446 praesenti
625 2383 694 2448 ope:
716 2361 905 2447 longinquos
928 2372 1032 2428 motus
1050 2384 1187 2446 quonam

158 2457 254 2522 modo
273 2456 436 2542 comprimi
452 2456 567 2540 posse?
589 2465 708 2521 erectas
727 2454 849 2522 Gallias
867 2458 1040 2522 adnomen
1057 2457 1188 2522 dictato-

157 2552 256 2628 rium,
279 2571 339 2614 nec
356 2550 460 2613 minus
478 2571 648 2635 suspensos
666 2548 766 2616 Asiae
783 2553 917 2637 populos
935 2552 1118 2618 claritudine
1136 2552 1187 2617 avi
1275 2619 1281 2636 ‚

157 2645 270 2710 Drusi.
296 2642 418 2710 Sullam
430 2643 565 2728 inopem,
584 2644 667 2708 unde
684 2646 886 2730 praecipuam
904 2647 1077 2725 audaciam,
1095 2655 1127 2711 et
1145 2646 1188 2710 si-

158 2739 346 2804 mulatorem
359 2738 520 2824 segnitiae,
534 2739 611 2802 dum
624 2739 789 2804 temeritati
802 2741 907 2806 locum
915 2741 1077 2826 reperiret3
1089 2738 1188 2804 Plau-

159 2843 227 2897 tum
245 2831 369 2918 magnis
387 2831 499 2917 opibus
518 2855 557 2896 ne
574 2833 693 2918 fingere
710 2835 837 2917 quidem
851 2837 1028 2920 cupidinem
1046 2835 1110 2911 otii,
1131 2834 1187 2899 sed

158 2936 300 2993 veterum
310 2926 523 2991 Romanorum
535 2927 728 2992 imitamenta
735 2927 902 3013 praeferre,
916 2938 1080 3013 assumpta
1092 2928 1186 2992 etiam

160 3020 340 3087 Stoicorum
357 3022 534 3106 arrogantia
552 3031 712 3105 sectaque,
735 3043 817 3105 quae
838 3022 980 3086 turbidos
999 3031 1030 3085 et
1047 3022 1187 3106 negotio-

159 3137 230 3180 rum
257 3115 437 3198 adpetentes
464 3115 568 3180 faoiat.
598 3138 657 3180 nec
679 3116 761 3180 ultra
782 3137 884 3180 mora:
913 3113 1002 3180 Sulla
1024 3123 1113 3178 sexto
1135 3113 1186 3178 die

158 3209 315 3294 pervectis
337 3208 516 3273 Massiliam
536 3208 775 3295 percussoribus
798 3218 870 3273 ante
892 3217 1010 3272 metum
1032 3216 1070 3272 et*
1083 3229 1188 3272 rumo-

159 3325 228 3367 rem
245 3303 439 3382 interficitur,
464 3324 536 3368 cum
558 3303 706 3388 epulandi
728 3325 824 3368 eausa
841 3301 1066 3381 discumberet;
1087 3300 1187 3386 perla-

160 3406 228 3459 tum
246 3405 341 3480 caput
363 3397 430 3460 eius
452 3397 552 3461 illusit
568 3397 652 3463 Nero
674 3407 833 3482 tamquam
855 3407 1054 3483 praematura
1075 3394 1187 3464 canitie
1303 3451 1306 3456 ,

160 3488 312 3553 deforme.
1117 3547 1120 3555 .

224 3581 339 3647 Plauto
356 3585 460 3667 parari
475 3607 591 3650 necem
609 3609 673 3652 non
688 3587 818 3672 perinde
840 3587 998 3652 occultum
1019 3587 1092 3662 fuit,
1115 3584 1189 3666 quia
1207 3601 1239 3648 58

160 3674 303 3760 pluribus
322 3678 408 3742 salus
426 3679 494 3743 eius
508 3679 684 3759 curabatur,
703 3691 734 3747 et
752 3682 889 3766 spatium
900 3681 1019 3744 itineris
1037 3701 1073 3742 ac
1092 3677 1187 3741 maris

160 3783 348 3856 tempusque
370 3773 567 3838 interiectum
589 3786 730 3841 moverat
751 3776 883 3850 fumam;
910 3773 1068 3858 vulgoque
1090 3770 1190 3854 tinge-

160 3864 238 3929 bant
252 3867 386 3950 petitum
403 3867 444 3932 ab
463 3891 500 3933 eo
519 3868 746 3947 Corbulonem,
769 3869 893 3954 magnis
916 3876 983 3930 tum
1000 3862 1188 3928 exercitibus

159 3959 392 4044 praesidentem
400 3971 442 4039 et,
457 3962 532 4026 clari
541 3971 635 4046 atque
647 3963 788 4028 insontes
797 3965 825 4025 si
832 3960 1085 4033 interficerentur,
1099 3977 1189 4040 prae-

161 4051 290 4136 cipuum
313 4054 354 4118 ad
375 4054 527 4140 pericula3
550 4057 627 4140 quin
644 4066 676 4120 et
692 4053 806 4118 Asiam
828 4054 936 4117 favore
956 4049 1188 4122 iuvenis,arma

161 4145 300 4230 cepisse,
322 4170 380 4242 nee
399 4149 512 4214 milites
530 4150 571 4214 ad
590 4149 692 4215 scelus
711 4148 826 4214 missos
849 4155 903 4212 aut
920 4166 1049 4210 numero
1067 4143 1188 4210 validos
