2958 4960
342 439 384 502 66
694 447 877 506 CORNELII
891 447 1021 504 TAClTl

1203 551 1223 579 a.
1235 551 1257 580 u.
1268 542 1319 581 rao.
1332 543 1382 583 τη.

342 629 440 692 aeque
467 605 637 672 cavebatur
661 628 757 690 quam
783 628 822 670 nc
848 605 965 672 bellum
991 616 1078 671 metu
1104 606 1281 673 eluderent:
1319 631 1383 694 spe

341 701 489 767 victoriae
510 699 630 764 inducti
652 710 725 765 sunt
746 709 782 764 ut
798 700 1003 765 vincerentur.
1029 701 1127 787 igitur
1147 701 1231 788 legio
1253 703 1381 780 medio,

341 797 426 862 leves
453 795 595 862 cohortes
627 795 769 878 duaeque
795 794 863 859 alae
889 793 922 859 in
949 795 1095 861 cornibus
1121 795 1279 875 locantur;
1315 821 1382 863 nec

341 889 526 956 Tacfarinas
544 911 683 974 pugnam
701 888 892 956 detrectavit.
919 886 983 953 fusi
1000 887 1168 967 Numidae,
1188 890 1381 974 multosque

316 985 320 990 ’
340 994 412 1070 post
421 978 520 1049 annos
529 982 625 1048 surio
634 982 751 1047 nomini
764 993 888 1068 partum
901 982 997 1048 decus
1007 983 1149 1062 militiae;
1162 1006 1237 1048 nam
1249 995 1330 1069 post
1339 985 1381 1050 il-

340 1078 405 1142 lum
414 1079 651 1163 reciperatorem
661 1075 746 1140 urbis
756 1075 916 1160 filiumque
926 1076 992 1142 eius
1004 1075 1172 1142 Camillum
1180 1099 1279 1163 pones
1290 1079 1379 1144 alias

342 1171 476 1236 familias
494 1171 692 1256 imperatoria
708 1170 777 1234 laus
796 1169 907 1247 fuerat,
926 1180 1019 1253 atque
1037 1170 1088 1235 hic
1101 1193 1193 1254 quem
1211 1193 1379 1238 memora-

341 1287 410 1330 mus
420 1265 572 1329 bellorum
585 1285 696 1348 expers
706 1262 891 1328 habebatur:
907 1285 944 1328 eo
952 1265 1078 1349 pronior
1087 1264 1234 1330 Tiberius
1246 1289 1300 1331 res
1314 1289 1378 1352 ge-

340 1369 404 1423 stas
414 1358 498 1444 apud
512 1367 655 1422 senatum
664 1357 841 1434 celebravit,
856 1366 887 1421 et
900 1358 1065 1422 decrevere
1074 1367 1178 1444 patres
1193 1360 1376 1445 triumpha-

339 1451 382 1516 lia
394 1451 539 1537 insiguia,
558 1449 643 1535 quod
653 1450 788 1518 Camillo
800 1449 841 1516 ob
856 1450 1042 1519 modestiam
1055 1453 1138 1518 vitae
1151 1453 1281 1539 impune
1296 1455 1373 1519 fuit.

289 1565 320 1613 53
403 1543 546 1628 Sequens
574 1567 673 1609 annus
701 1544 848 1609 Tranmuu
873 1569 992 1622 ranno,
1025 1543 1227 1612 Gsausmouu
1257 1572 1373 1613 msauu

338 1639 482 1703 consules
500 1638 623 1716 habuit3
642 1640 698 1703 sed
716 1661 788 1703 eum
805 1639 955 1704 honorem
970 1637 1176 1706 Germanicus
1194 1642 1264 1707 iniit
1281 1643 1372 1728 apud

337 1731 447 1797 urbem
459 1731 602 1797 Achaiae
614 1731 799 1818 Nicopolim,
814 1754 877 1818 quo
890 1744 1018 1799 venerat
1029 1756 1087 1820 per
1094 1735 1253 1820 Illyricam
1266 1758 1370 1812 oram,

337 1826 406 1892 viso
424 1826 518 1891 fratre
536 1824 645 1891 Druso
662 1825 696 1889 in
713 1826 873 1892 Delmatia
890 1838 1018 1914 agente,
1041 1828 1217 1893 Hadriatici
1235 1851 1273 1894 ac
1290 1853 1371 1895 mox

336 1920 418 1986 Ionii
435 1921 529 1985 maris
548 1920 712 1984 adversam
724 1920 956 2006 navigationem
973 1944 1156 2008 perpessum
1174 1923 1270 2008 igitur
1286 1946 1370 2008 pau-

337 2037 390 2080 cos
409 2015 476 2079 dies
493 2014 662 2100 insumpsit
678 2013 864 2078 reficiendae
882 2014 990 2092 classi3
1014 2016 1106 2080 simul
1124 2016 1211 2081 sinus
1229 2015 1369 2082 Actiaca

336 2109 466 2174 victoria
482 2109 616 2175 inclutos
636 2119 666 2174 et
684 2118 821 2174 sacratas
839 2109 879 2174 ab
897 2108 1045 2196 Augusto
1063 2110 1226 2176 manubias
1245 2121 1368 2177 castra-

336 2225 397 2286 que
406 2201 538 2268 Antonii
552 2225 623 2268 cum
636 2203 849 2269 recordatione
862 2204 1016 2269 maiorum
1030 2226 1157 2269 suorum
1170 2204 1260 2270 adiit:
1274 2229 1366 2270 nam-

335 2317 396 2379 que
414 2297 452 2373 ei,
472 2305 507 2360 ut
524 2298 703 2372 memoravi,
723 2297 896 2362 avsmculus
914 2296 1090 2384 Augustus,
1110 2321 1188 2363 avus
1202 2297 1366 2364 Antonius

335 2398 422 2453 amnt
447 2412 625 2476 magnaque
650 2391 712 2454 illic
738 2391 844 2476 imago
869 2391 1005 2460 tristium
1030 2392 1252 2476 laetorumque.
1289 2393 1365 2458 hinc

334 2492 462 2547 ventum
479 2481 639 2561 Athenas,
662 2483 844 2567 foederique
867 2485 971 2550 sociae
989 2495 1020 2550 et
1041 2494 1183 2551 vetustae
1200 2485 1287 2551 urbis
1307 2488 1366 2552 da-

334 2586 401 2640 tum
423 2586 458 2640 ut
475 2599 538 2642 unc
556 2577 664 2643 lictore
686 2587 837 2656 uteretur;
861 2601 1012 2666 excepere
1032 2577 1146 2646 Graeci
1167 2581 1365 2664 quaesitissi-

334 2671 393 2736 mis
406 2670 586 2748 honoribus,
605 2681 713 2736 vetera
730 2693 857 2736 suorum
875 2673 959 2738 facta
976 2674 1121 2758 dictaque
1138 2673 1363 2760 praeferentes,

283 2786 315 2834 st
334 2787 396 2849 quo
413 2765 485 2850 plus
503 2765 693 2852 dignationis
712 2766 849 2832 adulatio
867 2767 1005 2833 haberet.
1028 2769 1125 2854 petita
1142 2769 1214 2832 inde
1227 2767 1366 2835 Euboea

332 2859 465 2924 tramisit
482 2859 641 2938 Lesbum,
663 2860 719 2925 ubi
740 2859 919 2948 Agrippina
939 2863 1111 2928 novissimo
1132 2873 1224 2947 partu
1245 2862 1363 2928 Iuliam

333 2953 443 3031 edidit3
467 2963 533 3019 tum
552 2964 692 3020 extrema
713 2953 811 3020 Asiae
833 2954 1081 3039 Perinthumque
1103 2978 1141 3020 ac
1157 2955 1361 3041 Byzantium,

333 3048 484 3114 Thracias
507 3049 616 3128 urbes,
641 3072 716 3115 mox
736 3049 938 3137 Propontidis
960 3051 1121 3136 augustias
1144 3059 1177 3115 et
1196 3071 1232 3114 os
1249 3049 1363 3115 Ponti·

228 3213 229 3218 γ
333 3165 405 3208 cum
422 3143 530 3222 intrat,
550 3144 695 3231 cupidine
713 3154 834 3211 veteres
851 3144 937 3210 locos
956 3153 987 3208 et
1005 3145 1090 3208 fama
1107 3142 1280 3208 celebratos
1302 3167 1363 3210 no-

333 3238 454 3315 scendi3
485 3239 661 3324 pariterque
692 3239 868 3324 provincias
893 3238 1022 3303 internis
1055 3237 1276 3304 certaminibus
1303 3250 1362 3305 aut

332 3331 570 3416 magistratuum
591 3333 710 3396 iniuriis
728 3333 831 3398 fessas
848 3331 1018 3399 refovebat.
1042 3341 1136 3417 atque
1152 3334 1240 3399 illurn
1258 3335 1293 3398 in
1309 3357 1361 3400 rc-

330 3445 443 3508 gressu
457 3445 547 3487 sacra
560 3423 801 3490 Samothracum
815 3426 915 3491 visere
928 3427 1079 3492 nitentem
1093 3426 1177 3493 obvii
1194 3428 1359 3512 aquilones

330 3515 486 3602 depulere.
513 3517 609 3602 igitur
630 3521 713 3583 adito
731 3519 797 3584 Ilio
819 3542 960 3604 quaeque
978 3522 1022 3587 ibi
1044 3523 1192 3588 varietate
1215 3524 1360 3588 fortunae

330 3619 361 3676 et
385 3610 484 3675 noshi
514 3611 633 3697 origine
659 3615 852 3692 veneranda,
888 3615 998 3701 relegit
1022 3614 1136 3682 Asiam
1167 3617 1360 3704 adpellitque

331 3703 530 3794 Colophona,
552 3716 588 3770 ut
607 3705 705 3772 Clarii
722 3706 880 3792 Apollinis
903 3709 1029 3775 oraculo
1050 3719 1202 3789 uteretur;
1224 3733 1289 3777 non
1311 3710 1360 3776 fe·

329 3800 415 3865 mina
431 3800 504 3880 illic,
523 3809 559 3864 ut
573 3801 657 3887 apud
670 3800 825 3888 Delphos,
845 3803 901 3867 sed
919 3803 1010 3868 certis
1029 3825 1046 3868 e
1064 3804 1191 3870 familiis
1210 3815 1241 3869 et
1258 3804 1359 3869 ferme

328 3893 441 3960 Mileto
463 3896 581 3962 accitus
600 3897 745 3962 sacerdos
763 3919 928 3962 numerum
949 3896 1042 3962 modo
1065 3898 1308 3964 consultantium
1326 3907 1358 3962 et

268 4015 270 4018 ·
329 3990 455 4054 nomina
472 3990 573 4070 audit;
592 4001 658 4056 tum
677 3992 709 4057 in
728 4013 858 4078 specum
874 3991 1042 4078 degressus
1060 3991 1175 4058 hausta
1191 3990 1288 4057 fontis
1307 4015 1358 4056 ar-

329 4082 399 4146 cani
415 4105 498 4166 aqua
514 4085 643 4171 ignarus
661 4086 845 4172 plerumque
862 4086 1033 4152 litterarum
1051 4095 1083 4152 et
1100 4085 1273 4152 carminum
1291 4085 1356 4150 edit

328 4197 479 4260 responsa
495 4179 638 4246 versibus
652 4182 832 4266 compositis
847 4203 941 4268 super
957 4181 1051 4247 rebus
1064 4203 1143 4265 quas
1162 4179 1232 4265 quis
1250 4189 1356 4246 mente
