2958 4960
402 449 610 508 ANNALIUM
628 449 699 504 LIB.
715 451 738 502 l.
756 449 875 503 37-41.
1106 435 1148 498 23

123 555 142 594 p.
153 543 192 584 aa.
203 545 236 583 14.

22 655 30 671 ,
121 611 226 676 mortis
246 619 335 674 metu
354 607 515 694 subigunt.
543 630 616 672 mox
634 605 707 692 vagi
724 627 781 690 per
797 599 864 670 vias
882 605 996 670 obvios
1010 603 1147 670 habuere

119 706 255 792 legatos,
280 703 390 768 audita
406 701 653 766 consternatione
671 701 712 764 ad
730 696 953 764 Germanicum
970 698 1146 765 tendentes:

120 801 267 886 ingemat
294 796 514 873 contumelias,
546 795 673 860 caedem
698 803 823 880 parant,
852 793 972 858 Planco
1001 793 1147 870 maxime,

120 914 211 976 quem
235 892 378 978 dignitas
401 891 479 976 fuga
499 889 717 974 impediverat3
740 911 841 972 neque
863 887 947 952 aliud
964 887 1149 972 periclitanti

120 986 300 1052 subsidium
313 1007 410 1068 quam
423 994 527 1049 castra
537 984 655 1068 primae
673 983 820 1068 legionis3
838 983 901 1046 illic
914 982 1045 1068 signaet
1062 980 1149 1064 aqui·
1218 993 1219 996 ’

119 1080 179 1144 lam
196 1079 369 1164 amplexus
382 1078 532 1164 religione
545 1099 615 1142 sese
629 1075 796 1154 tutabatur,
815 1099 852 1144 ao
868 1077 902 1140 ni
918 1075 1063 1159 aquilifer
1076 1073 1150 1140 Cal·

120 1174 251 1258 purnius
267 1173 334 1236 vim
347 1183 518 1237 extremam
532 1172 692 1248 metasset,
711 1194 815 1236 rarum
829 1171 922 1236 etiam
934 1171 1015 1236 inter
1031 1170 1149 1247 hostes,

120 1268 242 1353 legatus
268 1267 379 1352 populi
399 1266 535 1332 Romani
555 1265 708 1330 Romanis
730 1265 762 1328 in
785 1265 894 1330 castris
917 1265 1069 1351 sanguine
1091 1287 1150 1328 suo

121 1361 228 1443 altaria
243 1362 342 1426 deum
356 1359 654 1424 commaculavisset
673 1359 742 1424 luce
756 1359 892 1436 demum,
905 1369 1072 1444 postquam
1084 1359 1150 1422 dux

122 1463 151 1518 et
162 1455 257 1520 miles
274 1464 305 1518 et
318 1453 402 1518 facta
413 1452 632 1530 noscebantur,
650 1453 811 1538 ingressus
826 1463 928 1518 castra
942 1449 1148 1518 Germanicus

120 1548 250 1632 perduci
275 1548 319 1612 ad
339 1569 374 1612 se
394 1547 549 1613 Plancum
574 1548 721 1631 imperat,
747 1547 924 1632 recepitque
946 1547 979 1610 in
1000 1545 1149 1625 tribunal;

122 1653 184 1706 turn
208 1642 343 1708 fatalem
364 1643 528 1727 increpans
550 1640 683 1718 rabiem,
706 1662 807 1723 neque
828 1640 961 1704 militum
983 1641 1039 1706 sed
1056 1641 1150 1704 deum

123 1735 165 1802 ira
182 1757 361 1822 resurgere,
382 1758 437 1800 our
453 1736 595 1800 venerint
610 1735 707 1820 legati
724 1735 836 1820 aperit3
854 1735 903 1801 ius
921 1734 1085 1821 legationis
1104 1748 1151 1798 at-

121 1853 179 1914 que
192 1831 298 1917 ipsius
308 1830 419 1896 Planci
432 1853 561 1915 gravem
575 1841 606 1894 et
618 1830 806 1894 immeritum
816 1852 933 1908 casum,
948 1831 1041 1895 simul
1052 1850 1151 1913 quan-

121 1935 185 1990 tum
204 1925 372 1990 dedecoris
390 1925 501 1990 adierit
516 1925 608 2010 legio,
626 1924 761 1990 facunde
778 1925 943 1988 miseratur
960 1924 1151 2006 attonitaque

122 2021 223 2106 magis
243 2041 340 2102 quam
358 2019 465 2102 quieta
482 2019 623 2084 contione
641 2018 763 2104 legatos
780 2017 936 2102 praesidio
954 2016 1151 2081 auxiliarium

124 2114 265 2196 equitum
284 2112 422 2178 dimittit.

185 2207 238 2272 Eo
255 2207 290 2270 in
308 2216 394 2272 metu
407 2229 537 2292 arguere
552 2205 775 2272 Germanicum
792 2227 911 2281 omnes,
930 2205 1015 2289 quod
1032 2227 1095 2268 non
1112 2205 1152 2268 ad
1170 2225 1203 2272 40

125 2302 319 2386 superiorem
330 2302 502 2366 exercitum
518 2311 671 2388 pergeret,
691 2300 745 2366 ubi
763 2300 915 2384 obsequia
932 2310 964 2365 et
981 2309 1087 2364 conua
1103 2321 1153 2364 re·

125 2395 212 2460 bellis
226 2395 395 2464 auxilium:
414 2396 491 2488 satis
505 2417 660 2482 superque
673 2395 822 2461 missione
836 2405 868 2460 et
880 2395 1013 2481 pecunia
1026 2403 1057 2458 et
1074 2394 1152 2459 mol-

125 2489 204 2554 libus
223 2489 376 2554 consultis
390 2498 568 2574 peccatum3
588 2489 638 2554 vel
656 2490 683 2554 si
700 2490 770 2554 vilis
788 2490 849 2574 ipsi
867 2489 962 2567 salus,
981 2511 1036 2553 cur
1053 2487 1151 2552 filium

126 2584 301 2668 parvulum,
320 2605 375 2648 cur
392 2585 555 2670 gravidam
569 2585 734 2671 coniugem
751 2586 832 2650 inter
843 2585 983 2650 furentes
1002 2594 1033 2650 et
1050 2585 1151 2648 omnis
1215 2615 1217 2624 ·

125 2678 253 2742 humani
265 2677 344 2742 iuris
356 2678 521 2744 violatores
535 2679 683 2744 haberet?
698 2680 768 2745 illos
783 2680 893 2745 saltem
907 2702 966 2744 avo
985 2691 1017 2744 et
1032 2679 1077 2743 rei
1094 2699 1152 2763 pu-

125 2771 224 2836 blicae
242 2772 397 2836 redderet.
424 2773 479 2837 diu
495 2782 660 2838 cunctatus
676 2785 895 2859 aspernantem
912 2797 1057 2851 uxorem,
1081 2795 1152 2837 eum

127 2889 159 2930 se
172 2867 247 2930 divo
260 2864 412 2952 Augusto
426 2878 524 2932 ortam
539 2889 640 2952 neque
655 2869 841 2956 degenerem
854 2871 894 2934 ad
907 2868 1046 2954 pericula
1058 2877 1153 2931 testa-

127 2969 222 3038 retur,
246 2970 406 3047 postremo
428 2972 551 3026 uterum
573 2964 640 3027 eius
664 2973 695 3028 et
717 2986 913 3029 communem
935 2963 1033 3026 filium
1055 2960 1153 3024 multo

128 3077 196 3118 cum
214 3055 293 3118 fletu
309 3057 507 3141 complexus,
525 3065 561 3121 ut
578 3056 677 3122 abiret
694 3057 837 3142 perpulit.
864 3055 1028 3119 incedebat
1044 3053 1154 3116 mulie-

128 3148 179 3212 bre
202 3157 235 3213 et
257 3149 434 3215 miserabile
461 3173 589 3237 agmen,
615 3151 752 3236 profuga
773 3149 862 3214 ducis
884 3170 964 3212 uxor
988 3145 1153 3232 parvulum

129 3244 197 3308 sinu
210 3243 311 3308 filium
325 3267 447 3330 gerens,
461 3246 668 3311 lamentantes
683 3246 800 3310 circum
810 3244 979 3309 amicorum
993 3241 1152 3326 coniuges,

128 3358 206 3420 qnae
225 3337 320 3402 simul
342 3339 556 3418 trahebantur;
580 3363 639 3405 neo
656 3341 759 3406 minus
778 3340 882 3404 tristes
900 3339 954 3422 qui
975 3335 1152 3402 manebant.

128 3455 188 3497 non
210 3433 350 3499 florentis
370 3433 516 3500 Caesaris
539 3458 640 3519 neque
659 3437 724 3501 suis
742 3435 775 3500 in
793 3435 917 3513 castris,
941 3435 997 3500 sed
1019 3432 1104 3497 velut
1121 3433 1154 3496 in
1172 3452 1201 3499 41

128 3526 203 3592 urbe
226 3527 311 3592 victa
328 3527 441 3606 facies3
464 3530 662 3616 gemitusque
680 3552 718 3594 ec
738 3531 882 3616 planctus
906 3530 999 3595 etiam
1021 3528 1153 3592 militum

128 3643 218 3686 aures
236 3643 353 3704 oraque
375 3623 551 3702 advertere3
573 3625 814 3710 progrediuntur
835 3623 1059 3689 contuberniis:
1083 3621 1153 3704 quis

128 3715 178 3779 ille
190 3715 304 3781 flebilis
320 3718 436 3782 sonus?
453 3719 538 3801 quod
561 3729 625 3783 tam
643 3720 749 3784 triste?
767 3720 899 3784 feminas
912 3718 1073 3792 inlustres;
1091 3737 1154 3778 non

129 3810 341 3874 centurionem
363 3811 405 3876 ad
426 3813 569 3890 tutelam,
593 3836 656 3877 non
673 3813 816 3890 militem,
840 3812 917 3876 nihil
938 3807 1154 3894 imperatoriae

129 3903 233 3968 uxoris
247 3913 303 3968 aut
317 3905 483 3971 comitatus
497 3907 578 3971 soliti
583 3932 592 3985 ;
606 3930 736 3994 pergere
750 3907 791 3971 ad
804 3905 951 3970 Treviros
965 3913 996 3967 et
1008 3909 1153 3967 externae
1225 3957 1228 3964 .

129 3995 209 4060 fidei.
232 3998 335 4082 pudor
352 3997 426 4064 inde
444 4009 475 4064 et
487 4001 645 4067 miseratio
664 4010 696 4064 et
712 4001 809 4085 patris
822 3998 995 4084 Agrippae,
1014 3994 1154 4082 Augusti

129 4091 177 4154 avi
191 4092 358 4171 memoria3
374 4115 463 4159 socer
474 4094 616 4172 Drusus;
634 4095 705 4181 ipsa
716 4093 833 4179 insigni
846 4092 1045 4168 fecunditate,
1064 4113 1154 4176 prae-

129 4184 210 4250 clara
221 4187 389 4272 pudicitia3
408 4188 470 4252 iam
487 4189 591 4254 infans
609 4189 642 4252 in
660 4187 771 4252 castris
787 4187 921 4273 genitus,
939 4186 973 4250 in
990 4185 1154 4250 contuber-
