3020 4958
418 457 626 518 ANNALIUM
643 453 717 511 LIB.
731 453 811 512 XVI.
829 455 948 509 27-32.
1134 445 1197 510 329

166 567 190 605 p.
201 553 241 594 cn.
252 553 285 594 aa

166 624 337 698 fortunam,
357 618 484 703 quando
501 627 532 681 et
549 615 603 680 ille
615 615 744 700 perinde
761 615 911 680 innocens
930 614 1050 679 Tiberii
1067 617 1198 682 saevitia

166 715 373 790 concidisset3
392 711 551 775 enimvero
560 709 750 775 Montanum
758 706 875 793 probae
884 707 1029 772 iuventae
1038 730 1140 793 neque
1150 709 1197 775 fa-

166 809 249 875 mosi
266 805 426 881 carminis,
444 808 498 869 aed
509 805 584 886 quia
600 802 763 888 protulerit
775 801 946 888 ingenium,
962 811 1117 866 extorrem
1134 804 1196 890 agi.

230 903 341 987 Atque
358 899 482 965 interim
493 897 641 964 Ostorius
662 895 810 974 Sabinus,
830 895 944 962 Sorani
961 906 1131 975 accusator,
1150 899 1198 961 in·
1216 920 1248 968 30

167 998 309 1084 graditur
327 995 507 1077 orditurque
530 993 569 1056 de
591 991 729 1056 amicitia
746 991 885 1056 Rubellii
903 989 1023 1068 Plauti,
1050 992 1197 1076 quodque

166 1089 424 1178 proconsulatum
432 1085 531 1152 Asiae
551 1084 692 1152 Soranus
710 1108 768 1171 pro
786 1086 924 1151 claritate
943 1086 1005 1150 sibi
1020 1087 1125 1171 potius
1143 1087 1199 1150 ad-

168 1183 403 1250 commodatum
421 1203 516 1265 quam
534 1203 574 1245 ex
591 1179 724 1245 utilitate
742 1181 902 1244 communi
925 1180 1057 1266 egisset,
1085 1181 1197 1246 alendo

170 1277 340 1343 seditiones
359 1275 543 1340 civitatium.
561 1284 669 1340 vetera
685 1275 778 1339 haee:
801 1275 859 1339 sed
876 1296 985 1340 recens
1004 1285 1035 1340 et
1052 1298 1115 1360 quo
1133 1277 1198 1339 dis-

169 1370 293 1436 crimini
314 1369 411 1456 patris
433 1369 530 1433 filiam
553 1367 771 1445 connectebat,
799 1369 885 1453 quod
905 1371 1072 1454 pecuniam
1094 1370 1196 1455 magis

169 1465 316 1550 dilargita
334 1472 427 1527 esset.
446 1463 603 1528 acciderat
621 1485 696 1528 sane
714 1461 829 1548 pietate
840 1459 993 1527 Serviliae
1007 1502 1048 1510 —
1062 1463 1095 1527 id
1113 1464 1197 1528 enim

169 1579 285 1622 nomen
294 1557 416 1641 puellae
426 1556 486 1620 fuit
495 1595 537 1604 -
546 1578 627 1640 quae
637 1556 764 1620 caritate
775 1577 850 1642 erga
858 1565 1027 1641 parentem,
1043 1556 1137 1621 simul
1150 1558 1198 1620 in·

169 1649 337 1736 prudentia
345 1649 466 1727 aetatis,
475 1672 539 1714 non
551 1660 656 1714 tamen
665 1649 751 1713 aliud
760 1650 989 1715 consultaverat
998 1673 1092 1735 quam
1102 1653 1140 1716 de
1151 1652 1197 1714 in-

171 1743 350 1808 columitate
359 1744 482 1820 domus,
497 1753 528 1808 et
537 1767 578 1807 an
586 1742 750 1828 placabilis
759 1743 853 1822 Nero,
873 1768 915 1809 an
923 1745 1059 1831 cognitio
1070 1755 1196 1810 senatus

170 1837 249 1902 nihil
258 1846 346 1902 atrox
355 1837 499 1902 adferret.
514 1837 611 1922 igitur
619 1837 719 1902 accita
728 1837 817 1902 estin
827 1848 978 1915 senatum,
986 1849 1197 1923 steteruntque

170 1931 288 1995 diversi
302 1940 375 1995 ante
387 1930 522 1996 tribunal
536 1931 700 1996 conandum
714 1932 842 2018 grundis
857 1955 934 1996 aevo
947 1954 1071 2016 parens,
1091 1943 1198 1998 contra

171 2025 236 2090 filia
244 2025 326 2089 intra
334 2023 520 2089 vicesimum
529 2024 639 2090 aetatis
650 2049 776 2102 annum,
787 2047 887 2110 nuper
896 2023 1199 2090 maritoAnnioPol-

169 2120 255 2183 lione
272 2118 306 2182 in
324 2119 469 2184 exsilium
486 2120 579 2205 pulso
597 2119 726 2184 viduata
743 2120 946 2203 desolataque
964 2140 1001 2182 ac
1018 2141 1058 2183 ne
1076 2129 1197 2204 patrem

171 2212 299 2297 quidem
316 2213 451 2292 intuens,
469 2214 559 2279 ouius
577 2236 724 2279 onerasse
742 2214 881 2300 pericula
898 2213 1071 2278 videbatur.

236 2307 321 2371 Turn
338 2307 546 2394 interrogante
559 2318 750 2385 accusatore,
770 2333 810 2373 an
824 2309 926 2372 cultus
940 2308 1070 2386 dotales,
1089 2332 1130 2372 an
1143 2309 1197 2373 de·
1215 2332 1245 2378 31

171 2411 304 2466 tractum
323 2401 436 2465 cervici
454 2403 567 2467 monile
585 2425 701 2470 venum
719 2403 868 2480 dedisset,
886 2424 948 2486 quo
966 2402 1131 2488 pecuniam
1149 2402 1197 2467 fa-

172 2495 292 2560 ciendis
315 2495 448 2581 magicis
476 2496 572 2561 saeris
596 2497 805 2574 contraheret,
832 2497 970 2582 primum
992 2507 1089 2562 strata
1109 2497 1197 2563 humi

77 2607 82 2610 ·
171 2590 328 2675 longoque
346 2590 420 2654 fletu
438 2599 469 2654 et
487 2590 624 2668 silentio,
651 2601 724 2677 post
746 2593 855 2657 altaria
873 2603 903 2656 et
925 2616 1011 2657 aram
1034 2593 1198 2678 complexa

173 2684 315 2762 „nullos“
333 2684 434 2768 inquit
453 2685 587 2771 „impios
605 2686 692 2764 deos,
710 2688 813 2752 nullas
827 2686 1021 2766 devotiones,
1040 2709 1099 2752 neo
1113 2687 1198 2752 aliud

170 2777 349 2844 infelicibus
367 2779 513 2865 precibus
532 2779 678 2845 invocavi
700 2803 795 2864 quam
812 2792 848 2845 ut
869 2781 953 2847 hunc
971 2781 1125 2867 optimum
1142 2805 1198 2867 pa·

171 2882 251 2934 trem
269 2882 316 2950 tu,
345 2871 478 2951 Caesar,
505 2895 578 2950 vos,
601 2883 721 2958 patrea,
742 2875 906 2938 servaretis
925 2874 1123 2940 ineolumem.
1152 2875 1197 2940 sic

154 2969 161 2978 '
171 2987 314 3050 gemmas
332 2976 364 3030 et
380 2975 485 3031 vestes
503 2977 534 3031 et
552 2967 713 3053 dignitatis
732 2966 868 3054 insignia
885 2967 972 3044 dedi,
995 2968 1151 3050 quomodo
1170 2969 1198 3031 si

173 3058 358 3144 sanguinem
380 3069 411 3125 et
432 3060 530 3125 vitam
552 3061 784 3146 poposcissent:
811 3060 946 3125 viderint
972 3060 1038 3137 isti,
1066 3060 1198 3124 antehac

172 3154 250 3218 mihi
266 3155 375 3241 ignoti,
393 3178 456 3240 quo
474 3157 601 3221 nomine
620 3157 692 3234 sint,
711 3179 790 3241 quas
810 3166 892 3221 artes
911 3163 1083 3220 exerceant.
1112 3153 1197 3218 nulla

172 3248 249 3312 mihi
265 3250 414 3335 principis
433 3251 549 3315 mentio
567 3251 629 3314 nisi
647 3250 727 3315 inter
744 3251 874 3315 numina
887 3250 960 3328 fuit3
978 3249 1079 3313 nescit
1092 3257 1197 3313 tamen

172 3343 366 3408 miserrimus
384 3353 473 3429 pater
490 3354 530 3422 et,
550 3344 578 3408 si
595 3344 713 3409 crimen
731 3353 788 3422 est,
809 3345 876 3410 sola
893 3343 1040 3428 deliqui.“
1229 3407 1230 3410 ,

236 3437 412 3522 Loquentis
431 3439 534 3504 adhuc
551 3438 649 3504 verba
670 3439 786 3525 excipit
804 3438 945 3506 Soranus
963 3439 1195 3525 proclamatque
1215 3455 1246 3502 32
1274 3457 1276 3464 ’

172 3553 236 3595 non
248 3531 333 3596 illam
346 3533 379 3597 in
392 3533 587 3618 provinciam
606 3555 715 3598 secum
734 3534 917 3620 profectam,
936 3557 998 3600 non
1011 3534 1124 3600 Plauto
1141 3556 1198 3619 per

172 3634 305 3690 aetatem
314 3629 402 3692 nosci
410 3626 561 3713 potuisse,
571 3651 634 3694 non
644 3628 827 3695 criminibus
837 3630 940 3693 mariti
949 3649 1136 3692 connexam:
1151 3627 1198 3689 ni-

84 3801 86 3804 ·
172 3718 254 3783 miae
263 3728 384 3785 tantum
392 3721 516 3807 pietatis
525 3744 612 3787 ream
623 3733 811 3808 separarent,
831 3731 924 3805 atque
936 3722 1197 3806 ipsequameum-

171 3823 358 3896 quesortem
369 3816 497 3881 subiret.
516 3816 609 3880 simul
618 3817 652 3880 in
661 3816 825 3901 amplexus
835 3813 1025 3878 occurrentis
1035 3812 1117 3876 filiae
1126 3833 1198 3876 rue-

171 3905 234 3985 bat,
249 3907 311 3972 nisi
323 3909 477 3975 interiecti
494 3910 618 3976 lictores
636 3909 777 3994 utrisque
791 3908 993 3974 obstitissent
1017 3928 1091 3970 mox
1104 3905 1196 3968 datus

172 3999 305 4065 testibus
318 4002 420 4067 locus:
440 4015 630 4089 etquantum
644 4003 876 4068 misericordiae
887 3999 1016 4066 saevitia
1025 3997 1197 4064 accusatio-

171 4093 221 4158 nis
239 4106 449 4179 permoverat,
476 4107 599 4163 tantum
620 4098 684 4162 irae
702 4097 741 4162 P.
760 4096 918 4183 Egnatius
937 4094 1025 4158 testis
1048 4093 1195 4172 concivit3

172 4186 269 4252 eliens
288 4187 340 4254 hic
350 4186 464 4255 Sorani
481 4202 513 4256 et
529 4201 603 4256 tunc
617 4201 739 4277 emptus
754 4192 795 4256 ad
808 4187 1047 4274 opprimendum
1061 4187 1196 4252 amicum

172 4284 387 4350 auctoritatem
397 4282 523 4351 Stoicae
537 4296 641 4350 sectae
653 4283 858 4364 praeferebat,
868 4281 977 4348 habitu
987 4291 1017 4346 et
1026 4303 1079 4347 ore
1093 4283 1134 4346 ad
1143 4283 1209 4346 ex-'
