3042 4956
457 438 664 496 ANNALIUM
677 440 751 495 LIB.
760 439 842 496 XIII.
860 441 979 498 42-44.
1163 435 1226 500 247

200 530 316 581 acuas.

199 621 335 682 quorum
360 596 447 663 obvii
472 605 568 662 testes
591 605 687 662 erant.
718 597 741 660 ii
763 597 930 664 acerbitate
956 603 1163 669 accusationis
1185 603 1226 688 Q.

198 693 411 778 Pomponium
424 693 465 756 ad
477 691 696 756 necessitatem
708 690 783 757 belli
796 692 895 758 civilis
914 694 1084 774 detrusum,
1102 696 1226 776 Iuliam,

196 788 298 852 Drusi
316 787 423 862 filiam,
444 783 657 870 Sabinamque
674 785 857 871 Poppaeam
874 787 916 852 ad
932 797 1063 854 mortem
1081 800 1177 868 actas,
1197 801 1229 858 et

198 881 362 946 Valerium
376 878 563 956 Asiaticum,
583 879 720 946 Lusium
735 878 948 958 Saturninum,
965 880 1146 948 Cornelium
1158 885 1228 950 Lu-

197 998 273 1060 pum
288 974 532 1051 circumventos3
545 973 608 1038 iam
622 974 761 1056 equitum
774 973 988 1040 Romanorum
1001 977 1128 1062 agmina
1140 979 1228 1043 dam-

196 1079 280 1146 nata,
301 1087 488 1150 omnemque
503 1065 629 1132 Claudii
642 1069 805 1133 saevitiam
819 1067 931 1134 Suillio
945 1070 1151 1136 obiectabant
1174 1073 1226 1138 ille

196 1163 275 1226 nibil
294 1184 334 1226 ex
356 1161 405 1225 his
423 1171 535 1246 sponte
558 1171 752 1246 susceptum,
774 1163 834 1238 ¹sed
855 1163 987 1250 principi
1007 1166 1150 1250 paruisse
1172 1167 1227 1232 de-

196 1254 361 1332 fendebat,
381 1256 481 1320 donec
499 1276 569 1320 eam
586 1257 758 1320 orationem
777 1254 897 1322 Caesar
914 1258 1066 1336 cohibuit,
1086 1282 1226 1347 comper-

197 1359 265 1414 tum
279 1349 340 1414 sibi
351 1349 491 1414 referens
504 1370 545 1412 ex
562 1350 792 1416 commentariis
805 1351 902 1435 patris
921 1352 970 1416 sui
987 1353 1104 1418 nullam
1121 1355 1226 1420 cuius-

196 1465 294 1526 quam
311 1443 543 1507 accusationem
561 1442 601 1506 ab
620 1465 658 1507 eo
675 1453 825 1508 coactam.
849 1453 915 1508 tum
932 1445 1019 1512 iussa
1031 1446 1224 1513 Messalinae

195 1538 359 1624 praetendi
376 1547 408 1602 et
424 1537 530 1602 labare
544 1537 700 1602 defensio:
719 1561 776 1603 cnr
792 1540 876 1604 enim
888 1541 1044 1606 neminem
1057 1542 1153 1607 alium
1171 1543 1226 1608 de-

196 1632 313 1696 lectum
331 1632 386 1716 qui
403 1632 554 1696 saevienti
570 1633 747 1718 impudicae
764 1657 874 1700 vocem
892 1637 1072 1721 praeberet?
1093 1638 1225 1723 punien-

196 1726 254 1792 dos
271 1749 376 1791 rerum
394 1727 546 1792 atrocium
564 1727 736 1806 ministros,
761 1728 814 1794 ubi
831 1731 931 1814 pretia
948 1732 1100 1798 scelerum
1118 1733 1224 1818 adepti

196 1820 314 1885 scelera
331 1821 402 1905 ipsa
419 1821 487 1886 aliis
506 1820 661 1906 delegant.
687 1822 783 1908 igitur
800 1825 947 1909 adempta
968 1826 1117 1891 bonorum
1134 1837 1223 1911 parte

194 1953 237 1962 -
259 1937 333 1979 nam
354 1915 420 1979 filio
441 1925 473 1979 et
493 1915 580 2000 nepti
601 1939 674 2001 pars
698 1917 926 1982 concedebatur
947 1919 1223 2003 eximebanturque

194 2009 289 2072 etiam
307 2031 388 2092 quae
411 2017 596 2074 testamento
614 2010 722 2074 matris
745 2019 799 2075 aut
820 2011 908 2075 aviae
931 2022 1115 2096 acceperant
1132 2049 1173 2059 —
1191 2013 1224 2076 in

139 2181 143 2188 ι
192 2103 313 2168 insulas
326 2103 476 2168 Baleares
493 2103 628 2189 pellitur,
647 2127 711 2183 non
727 2103 760 2167 in
777 2104 847 2188 ipso
865 2105 1052 2182 discrimine,
1070 2127 1134 2169 non
1151 2115 1224 2190 post

193 2197 426 2262 damnationem
439 2198 558 2262 fractus
572 2199 692 2276 anim03
710 2196 930 2280 ferebaturque
944 2199 1071 2284 copiosa
1089 2208 1120 2262 et
1136 2199 1223 2264 molli

193 2292 258 2356 vita
275 2303 430 2358 secretum
446 2293 526 2356 illud
539 2293 731 2358 toleravisse.
754 2291 854 2356 filium
872 2292 939 2357 eius
952 2291 1148 2357 Nerullinum
1166 2316 1222 2378 ag-

192 2388 310 2472 gressis
321 2387 555 2453 accusatoribus
568 2410 625 2472 per
633 2387 782 2452 invidiam
791 2387 888 2472 patris
898 2396 929 2452 et
938 2387 1067 2454 crimina
1076 2397 1222 2473 repetun-

192 2482 312 2559 darum,
331 2482 508 2548 intercessit
524 2483 670 2568 princeps
684 2493 843 2568 tamquam
859 2483 934 2549 satis
953 2483 1077 2569 expleta
1093 2483 1220 2550 ultione.

250 2575 315 2640 Per
336 2577 421 2641 idem
446 2587 570 2661 tempus
595 2574 748 2642 Octavius
773 2575 910 2663 Sagitta,
936 2577 1040 2664 plebei
1066 2578 1218 2656 tribunus,
1238 2599 1272 2646 44

190 2667 337 2747 Pontiae,
356 2669 495 2734 mulieris
513 2679 644 2755 nuptae,
663 2692 768 2735 amore
785 2693 908 2750 vecors,
931 2672 1110 2758 ingentibus
1129 2672 1220 2739 donis

190 2763 378 2827 adulterium
392 2774 424 2828 et
436 2787 519 2841 mox,
538 2773 574 2828 ut
588 2764 742 2829 omitteret
754 2766 910 2844 maritum,
930 2777 1111 2845 emereatur,
1127 2790 1219 2832 suum

189 2858 423 2922 matrimonium
443 2859 628 2944 promittens
650 2881 687 2924 ac
705 2861 830 2944 nuptias
853 2860 919 2924 eius
941 2870 1062 2946 pactus.
1091 2862 1147 2926 sed
1165 2862 1220 2927 ubi

188 2951 302 3016 mulier
318 2974 420 3018 vacua
436 2953 509 3030 fuit,
529 2963 653 3017 nectere
670 2975 788 3029 moras,
812 2953 982 3018 adversam
994 2954 1090 3038 patris
1108 2953 1219 3018 volun-

188 3054 287 3110 tatem
313 3046 436 3110 causari
460 3056 645 3131 repertaque
668 3067 725 3131 spe
750 3045 870 3110 ditioris
897 3045 1039 3131 coniugis
1064 3044 1220 3129 promissa

188 3161 314 3204 exuere.
339 3137 493 3206 Octavius
507 3151 615 3205 contra
627 3140 721 3204 modo
735 3139 883 3222 conqueri
897 3139 990 3204 modo
1008 3137 1153 3214 minitari,
1171 3137 1220 3200 fa

187 3254 274 3297 mam
295 3235 463 3318 perditam,
486 3234 653 3319 pecuniam
675 3233 860 3298 exhaustam
883 3232 1060 3308 obtestans,
1084 3230 1219 3314 denique

189 3328 336 3406 salutem,
355 3350 437 3411 quae
455 3329 522 3393 sola
539 3329 659 3411 reliqua
676 3337 773 3405 esset,
792 3326 918 3392 arbitrio
935 3326 1003 3390 eius
1021 3323 1217 3410 permittens3

187 3445 225 3486 ac
242 3433 411 3508 postquam
434 3423 652 3509 spernebatur,
675 3432 797 3488 noctem
821 3444 914 3486 unam
937 3421 978 3486 ad
1000 3420 1145 3486 solatium
1162 3441 1219 3505 po-

187 3517 261 3594 scit,
284 3538 347 3600 qua
365 3519 519 3582 delenitus
537 3519 666 3582 modum
683 3519 716 3582 in
733 3527 894 3602 posterum
911 3515 1081 3581 adhiberet.
1109 3513 1218 3580 statui-

187 3619 238 3674 tur
259 3632 337 3689 nox,
365 3622 397 3676 et
417 3611 533 3677 Pontia
558 3612 701 3676 consciae
728 3612 858 3676 ancillae
881 3611 1055 3676 custodiam
1082 3608 1218 3673 cubiculi
1239 3643 1242 3656 ·

185 3707 329 3785 mandat3
347 3707 399 3770 ille
417 3729 480 3770 uno
495 3729 567 3770 cum
579 3705 690 3770 liberto
704 3706 822 3770 ferrum
837 3715 924 3769 veste
943 3704 1100 3768 oecultum
1112 3701 1215 3764 infert.

185 3809 267 3878 tum,
286 3809 321 3864 ut
339 3802 460 3866 adsolet
476 3802 509 3865 in
527 3822 633 3866 amore
649 3809 683 3865 et
699 3801 758 3877 ira,
777 3800 892 3884 iurgia,
911 3819 1030 3882 preces,
1049 3793 1227 3879 exprobra--

186 3893 244 3970 tio,
273 3895 460 3972 satisfactio,
488 3904 519 3960 et
539 3917 613 3981 pars
635 3894 833 3959 tenebrarum
855 3890 978 3956 libidini
1000 3888 1151 3973 seposita;
1178 3908 1217 3950 ea

184 4008 250 4069 qua
266 3988 415 4054 incensus
429 3990 507 4054 nihil
520 3999 712 4054 metuentem
724 3987 807 4051 ferro
821 3983 1052 4048 transverberat
1064 3992 1096 4046 et
1109 4003 1217 4046 accur·

183 4092 306 4146 rentem
324 4084 469 4149 ancillam
486 4085 616 4148 vulnere
638 4082 791 4147 absterret
808 4077 1015 4161 cubiculoque
1031 4075 1214 4162 prorumpit.

183 4187 312 4259 postera
328 4179 379 4243 die
401 4178 569 4243 manifesta
590 4177 716 4253 caedes,
739 4174 825 4240 haud
846 4170 1013 4258 ambiguus
1035 4193 1215 4258 percussum
