2958 4960
262 417 266 428 '
382 403 591 466 ANNALIUM
606 405 682 461 LIB.
695 405 733 460 11.
747 405 867 460 12-16.
1093 391 1137 458 49

118 512 138 552 p.
147 500 188 542 Ch.
197 501 231 541 16.

118 591 210 634 omen
231 577 262 633 et
281 565 479 632 matrimonia
500 585 538 629 ac
558 557 708 650 pecunias
729 561 868 628 hostium
889 563 1024 648 praedae
1041 562 1137 628 desti·

117 684 200 727 nare.
223 661 311 726 tertia
326 660 426 725 ferme
444 657 553 745 vigilia
570 657 761 723 adsultatum
778 667 828 724 est
844 657 956 722 castris
976 659 1044 723 sine
1063 679 1138 724 oon-

116 760 198 825 iectn
215 757 281 835 teli,
305 765 474 843 postquam
496 753 620 820 crebras
641 775 698 840 pro
719 753 920 819 munimentis
942 751 1085 819 cohortes
1106 767 1138 819 et

117 853 192 918 nihil
208 851 374 918 remissu'm
392 871 528 916 sensere.

176 946 249 1012 Nox
266 945 376 1010 eadem
392 943 507 1009 laetam
525 939 715 1009 Germanico
731 943 869 1027 quietem
887 942 971 1022 tulit,
998 945 1138 1029 viditque
1157 959 1187 1008 ιι

118 1063 150 1106 11
167 1050 329 1127 operatum
347 1049 378 1105 et
392 1038 544 1124 sanguine
558 1037 639 1102 sacri
651 1058 796 1123 respersa
807 1047 970 1124 praetexta
981 1038 1140 1124 pulchrio-

119 1157 181 1200 rem
207 1135 300 1199 aliam
326 1133 472 1198 manibus
504 1132 593 1197 aviae
618 1130 787 1218 Augustae
817 1133 991 1218 accepisse3
1027 1143 1138 1200 auctus

119 1231 218 1295 omine
235 1229 453 1295 addicentibus
472 1227 619 1313 auspiciis
635 1237 729 1294 vocat
746 1227 922 1292 contionem
940 1236 971 1292 et
988 1249 1070 1312 quae
1088 1251 1140 1294 sa·

118 1325 231 1410 pientia
256 1324 383 1410 provisa
409 1331 543 1408 aptaque
565 1320 740 1388 imminenti
760 1343 887 1408 pugnae
908 1321 1048 1388 disserit:
1074 1345 1139 1388 ιιοιι

119 1441 242 1504 campos
264 1418 361 1482 modo
382 1417 477 1482 militi
497 1416 642 1482 Romano
662 1416 705 1480 'ad
725 1417 878 1501 proelium
894 1415 1009 1494 bonos,
1036 1417 1138 1484 sedai

119 1513 192 1578 ratio
204 1513 300 1590 adsit,
316 1511 411 1576 silvas
425 1520 457 1575 et
469 1509 583 1589 saltus3
601 1531 660 1576 nec
677 1509 760 1574 enim
776 1511 919 1576 inmensa
934 1511 1138 1578 barbarorum

120 1616 216 1685 scuta,
252 1605 390 1671 enormis
416 1605 524 1670 hastas
549 1604 631 1678 inter
655 1613 781 1670 trtmcos
812 1605 958 1671 arborum
988 1616 1020 1672 et
1044 1615 1139 1672 enata

119 1699 209 1766 humo
221 1700 360 1786 virgulta
372 1698 501 1784 perinde
514 1697 622 1763 haberi
635 1719 730 1782 quam
746 1699 811 1784 pila
827 1709 859 1764 et
875 1700 997 1786 gladios
1016 1709 1046 1765 et
1063 1701 1138 1766 hae-

119 1795 212 1859 rentia
228 1793 353 1879 corpori
374 1793 526 1878 tegmina:
552 1793 719 1858 denserent
740 1794 835 1872 ictus,
863 1817 919 1859 ora
935 1795 1137 1860 mucronibus

121 1897 311 1972 quaererent:
329 1910 393 1952 non
409 1885 537 1951 loricam
556 1883 728 1964 Germano,
746 1909 810 1952 non
827 1889 965 1974 galeam3
990 1911 1031 1953 ne
1050 1899 1139 1964 scuta

120 1983 239 2066 quidem
256 1983 341 2048 ferro
359 2003 495 2047 nervove
507 1981 639 2059 firmata,
658 1983 716 2047 sed
732 1983 885 2047 viminum
903 1993 1007 2048 textus
1025 1983 1076 2048 vel
1094 1993 1139 2047 te-

119 2075 183 2142 nuis
204 2086 236 2142 et
256 2077 381 2142 fucatas
404 2076 507 2141 colore
528 2075 666 2156 tabulas3
691 2077 826 2161 primam
846 2086 1017 2161 utcumque
1039 2077 1139 2142 aciem

121 2168 277 2248 hastatam,
297 2170 408 2236 ceteris
430 2179 577 2255 praeusta
594 2180 649 2235 aut
665 2171 775 2236 brevia
792 2171 868 2249 tela3
890 2171 953 2235 iam
972 2193 1085 2256 corpus
1105 2180 1141 2235 ut

120 2265 184 2330 visu
204 2276 330 2332 torvum
353 2275 384 2330 et
409 2266 451 2330 ad
471 2266 599 2331 brevem
620 2266 773 2352 impetum
798 2265 952 2344 validum,
980 2266 1026 2331 sic
1051 2265 1138 2330 nulla

121 2359 277 2425 vulnerum
294 2359 458 2445 patientia:
481 2359 548 2425 sine
565 2359 685 2446 pudore
702 2360 825 2447 flagitii,
845 2361 913 2426 sine
931 2383 1005 2426 cura
1022 2361 1139 2425 ducum

37 2463 43 2478 '
122 2452 210 2532 abite,
228 2455 356 2540 fugere,
374 2455 506 2540 pavidos
524 2455 678 2533 adversis,
696 2455 778 2520 inter
795 2456 933 2521 secunda
949 2478 1013 2521 non
1030 2455 1138 2532 divini,

122 2569 177 2611 non
199 2548 332 2613 humani
355 2548 433 2614 iuris
455 2571 620 2615 memores.
652 2549 679 2614 si
704 2550 807 2615 taedio
832 2549 954 2614 viarum
969 2549 1018 2614 'ac
1043 2549 1138 2614 maris

122 2639 207 2706 linem
233 2642 376 2727 cupiant,
403 2642 462 2707 hac
488 2643 555 2708 acie
581 2643 698 2728 parari:
732 2644 910 2730 propiorem
939 2645 1003 2709 iam
1028 2643 1139 2709 Albim

123 2757 207 2818 quam
224 2737 388 2815 Rhenum,
414 2758 516 2822 neque
537 2738 656 2803 bellum
672 2739 767 2816 utra,
790 2740 884 2805 modo
903 2740 1141 2826 111111ιὶ111-

123 2831 236 2916 truique
254 2831 391 2918 vestigia
402 2840 605 2918 prementem,
623 2833 725 2898 isdem
737 2833 771 2896 in
783 2834 873 2898 terris
886 2831 1036 2898 victorem
1050 2835 1142 2899 siste·

124 2935 191 2990 rent.
223 2926 397 2991 orationem
415 2925 503 2992 ducis
523 2934 650 2992 secutus
669 2927 804 2991 militum
822 2927 929 3004 ardor,
952 2927 1139 3013 signumque
1159 2949 1191 2995 15

123 3039 238 3106 pugnae
257 3021 376 3085 datum.

178 3114 245 3180 Nec
262 3112 427 3180 Arminius
446 3124 500 3179 aut
518 3115 612 3180 ceteri
631 3113 861 3181 Germanorum
883 3133 1028 3199 proceres
1051 3112 1142 3177 omit-

124 3207 221 3274 tebant
247 3233 323 3275 suos
350 3211 482 3295 quisque
505 3211 626 3288 testari,
652 3211 711 3276 hos
734 3231 805 3274 esse
829 3209 989 3273 Romanos
1011 3205 1142 3273 Variani

125 3305 270 3369 exercitus
296 3305 534 3390 fugacissimos,
561 3305 615 3389 qui
641 3325 681 3370 ne
707 3303 827 3369 bellum
853 3302 1032 3380 tolerarent,
1060 3301 1143 3367 sedi·

126 3395 230 3462 tionem
252 3398 423 3477 induerint3
397 3407 584 3483 tquorum
608 3421 685 3483 pars·
705 3406 818 3463 onusta
839 3397 1020 3463 vulneribus
1042 3406 1140 3484 terga,

125 3509 186 3572 pars
209 3492 414 3558 fluctibust
383 3502 414 3557 et
439 3493 583 3578 procellis
610 3492 726 3558 fractos
753 3501 839 3559 artus
861 3484 994 3558 infensis
1016 3515 1142 3558 rursum

126 3581 273 3678 hostibuS,
303 3586 442 3652 adversis
461 3587 509 3652 dis
533 3586 682 3665 obiciant,
705 3586 791 3652 nulla
813 3586 888 3653 boni
911 3608 981 3673 sper
1008 3587 1142 3652 classem

126 3679 230 3766 quippe
249 3690 281 3745 et
299 3681 369 3745 avia
380 3677 501 3746 Oceani
515 3680 666 3764 quaesita,
685 3703 724 3745 ne
738 3681 808 3765 quis
822 3681 1020 3748 venientibus
1035 3699 1143 3744 occur-

126 3785 209 3853 reret,
241 3797 283 3840 ne
309 3775 422 3860 pulsos
443 3784 613 3861 premeret3
586 3776 705 3840 tsed
730 3775 787 3840 ubi
811 3774 995 3840 miscuerint
1019 3795 1141 3850 manus,

126 3862 205 3933 inane
232 3869 324 3934 victis
347 3878 511 3934 ventorum
536 3891 734 3934 remorumve
762 3869 948 3934 subsidium
984 3865 1143 3931 meminis-

127 3970 185 4024 sent
201 3963 298 4027 modo
317 3962 474 4042 avaritiae,
493 3962 694 4040 crudelitatis,
715 3963 893 4049 superbiae:
912 3960 999 4025 aliud
1017 3958 1078 4025 sibi
1094 3982 1143 4024 re-

126 4047 237 4138 liquum
255 4079 351 4141 quam
368 4065 473 4122 tenere
490 4056 614 4122 libertat
601 4066 665 4121 tem
683 4066 737 4122 aut
753 4057 833 4123 mori
850 4080 892 4122 au
893 4063 923 4121 e
893 4054 1123 4122 tservitinm?

182 4149 239 4218 Sic
265 4173 415 4216 accensos
441 4159 473 4216 et
497 4150 651 4237 proelium
676 4161 841 4236 poscentes
863 4151 896 4216 in
918 4170 1065 4237 campum
1091 4149 1142 4215 cui
1162 4167 1193 4215 16

173 4267 245 4312 Taciti
255 4269 296 4312 ool.
306 4268 324 4310 l.
954 4261 973 4316 4
