2966 4960
492 431 614 474 semis
631 433 849 478 commo.
1137 427 1215 474 XXV

126 543 221 613 ipsam
239 543 362 614 denique
380 543 540 598 libertatem
555 544 846 649 amisis-lteritumloe
871 546 1071 600 Verumtamen
1084 543 1216 614 quidliile

126 617 186 690 set,
204 628 457 690 cumquesequens
465 612 665 692 aetasinfinita
682 615 831 693 defuturo
845 619 976 692 tempore
993 613 1151 692 speraverit
1166 619 1218 664 ant

125 687 588 758 pnnmpstuspotentsaoppressa
596 683 663 750 qu1d
681 689 817 748 umnent,
844 699 874 734 tn
895 682 987 735 medio
1011 681 1217 750 rehnqnemus3

125 747 663 886 crassitatem
681 749 1048 887 mersos,
1077 753 1216 881 ieet

125 883 664 1020 idittiittti‘dlfflt:
682 892 1218 1022 {tistitt‘ii'mtiiiffitaffi

19 1029 26 1044 ’
125 1018 200 1088 perii
223 1035 329 1088 corpus
346 1025 423 1072 stare
439 1036 474 1072 ac
490 1020 586 1074 librari
603 1021 664 1075 sine
683 1022 833 1092 quominus
850 1022 886 1074 de
903 1020 1025 1090 Augusti
1041 1018 1217 1087 temporibus

125 1092 240 1141 rectore
266 1093 394 1156 poterat,
423 1095 535 1156 reperto
557 1089 664 1143 salubri
683 1090 832 1156 scriberet,
845 1088 1002 1158 perfectum
1011 1087 1180 1140 haberemus
1189 1091 1219 1138 et

126 1155 481 1225 quodamtemperamento
491 1162 521 1210 et
529 1165 665 1212 concentu
681 1158 767 1227 plane
782 1157 927 1235 egregium
940 1173 1013 1224 opus
1022 1154 1154 1224 trilogiae
1162 1153 1217 1206 Ae-

126 1239 174 1276 res
184 1223 254 1276 olim
263 1222 475 1291 (insociabiles,
489 1224 665 1294 principatus
683 1227 818 1296 schyleae
832 1224 935 1291 simile,
949 1224 1045 1294 inquo
1055 1229 1151 1293 partes
1160 1227 1218 1274 tres

126 1307 163 1344 ae
183 1290 319 1358 libertas,
345 1291 530 1345 miscerentur
546 1300 576 1347 et
597 1311 665 1347 suus
682 1301 714 1348 et
733 1294 862 1364 singulae
883 1309 936 1362 per
957 1308 989 1345 se
1007 1296 1174 1346 constarent
1189 1296 1219 1342 et

128 1366 207 1438 eqset
226 1358 341 1429 utrique
363 1360 443 1413 locus
466 1378 602 1432 suumque
620 1365 664 1415 ins
683 1361 850 1416 coniunctae
872 1361 938 1414 item
961 1360 1069 1430 aliquid
1085 1375 1172 1412 unum
1189 1364 1219 1411 et

129 1427 555 1482 smealterinsdetrimento.1⁰i
581 1430 665 1483 Hanc
683 1437 773 1484 totum
782 1429 932 1484 efficerent.
940 1428 1096 1483 linacvero
1105 1433 1219 1480 servata

129 1495 216 1565 igitur
224 1495 344 1548 Tacitus
358 1496 478 1550 credidit
489 1497 550 1551 eius
562 1499 665 1568 princi·
683 1497 988 1553 deAnnuliumtantam
996 1495 1218 1550 etHistoriarum

129 1571 212 1686 fiam
221 1563 279 1616 vim
293 1580 329 1616 ac
342 1569 472 1618 naturam
485 1581 562 1632 esse,
581 1583 665 1636 quem
683 1566 763 1620 libris
775 1566 891 1619 dimidia
903 1565 963 1619 fere
976 1571 1071 1635 parte,
1085 1562 1218 1634 qnoniam

155 1647 224 1685 erra
238 1649 273 1686 ac
287 1631 427 1686 Traianus
440 1633 608 1688 auctoritate
621 1651 665 1688 se·
683 1651 757 1705 qnae
766 1635 822 1688 duo
837 1634 949 1687 diversa
961 1649 1050 1702 opera
1063 1639 1141 1699 sunt,
1159 1645 1218 1683 nno

127 1705 211 1754 natus
233 1700 367 1754 restituta
384 1709 546 1770 gesserunt;
572 1719 607 1756 se
623 1702 664 1756 sa-
684 1711 779 1756 tamon
802 1701 921 1756 consilio
944 1700 1134 1767 continentur,
1159 1715 1219 1751 non

128 1768 247 1821 tendum
273 1775 319 1821 est
343 1785 475 1838 magnam
501 1777 530 1822 et
555 1770 665 1824 felicem
684 1771 854 1825 credendum
867 1777 912 1824 est
923 1768 1116 1837 inscriptionis
1129 1766 1219 1820 diver·

128 1835 202 1888 mnu
211 1852 306 1889 rernm
316 1837 665 1906 commutationemfuisse,
684 1840 768 1893 sitste
786 1838 864 1892 aliud
878 1838 948 1917 qnid
959 1841 1072 1906 praeter
1084 1834 1219 1888 materiae

128 1904 472 2027 qqsaaqlrteqradeiqtaqnb'sstiqui
489 1905 597 2028 ingqsniti
615 1907 666 1959 viri
684 1907 875 1986 diversitatem
882 1904 1219 2026 'qudiqgtnmiuqsqqqaqsee

127 2039 235 2093 tectam
261 2039 311 2120 dili
334 1990 419 2120 enlfc'f
434 1990 585 2110 &exinanit
604 1991 666 2097 pseerd
684 1991 857 2114 335³ng
868 2039 892 2093 si
907 1989 971 2118 quetis
984 1989 1058 2092 gne
1070 1988 1220 2105 Jnumqns

129 2107 231 2186 eadem
245 2057 436 2162 ssmuffultsma
445 2110 511 2178 fuit,
525 2110 620 2180 inqua
630 2111 666 2164 oi·
685 2127 758 2180 opus
772 2109 937 2162 continuato
951 2105 1086 2185 librorum
1103 2120 1220 2183 numero

128 2193 204 2229 vium
213 2176 406 2229 Romanorum
420 2183 451 2231 et
463 2179 581 2232 maxime
596 2179 666 2248 opti·
685 2179 714 2232 iu
724 2193 809 2230 unum
819 2175 1095 2244 coniungerevolmt,
1105 2173 1135 2225 id
1144 2172 1221 2241 quod

128 2244 244 2297 matium
255 2244 350 2298 studia
358 2261 393 2298 ae
397 2245 518 2313 pristina
527 2247 667 2300 libertatis
686 2247 709 2300 si
719 2263 778 2299 non
788 2244 890 2311 statim,
904 2249 981 2297 certe
990 2259 1048 2296 non
1058 2241 1145 2294 multo
1131 2247 1222 2364 ηεξατ

128 2311 226 2391 reique
239 2311 374 2391 publicae
387 2329 456 2370 eura
469 2330 503 2368 eo
513 2315 612 2394 vigore
625 2331 667 2368 re·
685 2315 791 2368 factum
800 2329 864 2368 esse
873 2309 1129 2366 demonstrabituri

129 2396 233 2433 vixisse
243 2380 415 2448 viderentur,
452 2382 667 2452 uiaanuorum
718 2383 779 2436 Iam
796 2397 864 2435 vero
883 2385 1005 2450 quantus
1018 2383 1048 2433 et
1060 2393 1145 2449 quam
1157 2393 1220 2446 per·

129 2455 290 2517 temporum
311 2449 413 2502 virtute
433 2399 454 2502 ἓ

129 2523 215 2569 esset.
239 2516 306 2570 Non
315 2522 361 2570 est
368 2517 452 2570 buius
461 2517 517 2572 loci
526 2535 558 2572 ex
580 2520 667 2572 heare
685 2518 801 2572 Tacitus
815 2515 913 2586 fuerit,
931 2515 1055 2585 perspici
1067 2515 1221 2583 planenon

129 2600 248 2637 curnec
262 2584 396 2638 diuturna
407 2586 553 2653 potueriti
607 2586 668 2640 teli-
685 2586 803 2656 poterit,
829 2585 885 2638 nisi
907 2585 1130 2638 demonstremus
1152 2597 1220 2652 quo·

129 2652 201 2706 citas
220 2668 286 2706 esse
302 2669 395 2732 neque
414 2653 510 2722 etiam,
535 2649 668 2724 qnamdiu
685 2655 770 2708 modo
796 2653 908 2723 legibus
939 2651 1010 2706 artis
1041 2649 1219 2714 satisfecerit,

129 2721 243 2789 integer
259 2729 468 2792 mansrtnpvns
481 2723 668 2792 reipublicae
687 2739 759 2793 quae
778 2728 843 2776 ante
862 2720 955 2774 omnia
972 2720 1027 2774 hoe
1040 2718 1170 2788 erigunt,
1189 2723 1222 2769 ut

130 2795 405 2857 status‚magnarum
411 2789 543 2843 virtutum
553 2807 668 2860 magno·
687 2792 763 2862 quod
777 2789 956 2869 componitur
969 2804 1041 2866 opus
1052 2803 1139 2839 unum
1149 2785 1185 2837 sit
1193 2791 1222 2838 et

129 2872 248 2926 rumque
271 2855 449 2926 ingeniorum
471 2857 551 2912 ferax
568 2858 668 2926 fuerit3
687 2865 775 2913 totum
788 2863 818 2912 et
832 2857 963 2926 simplem
981 2862 1078 2924 itaque
1093 2859 1123 2907 et
1135 2859 1222 2906 mate-

130 2931 217 2994 atqae
232 2923 295 2993 ipse
309 2925 393 2978 etiam
402 2925 518 2980 Tacitus
532 2944 596 2980 cum
608 2926 668 2980 iure
685 2927 756 2980 riam
772 2942 857 2979 unani
870 2940 934 2977 esse
949 2929 1075 3000 oportet2
1094 2937 1166 2991 quae
1180 2937 1222 2973 re-

131 3009 182 3045 suo
200 2991 239 3045 ab
254 2991 365 3046 Nervae
380 2993 552 3064 Traianique
566 2995 668 3064 princi·
686 3013 746 3048 rum
759 2999 850 3046 totum
864 2991 987 3060 aliquem
1001 2990 1133 3042 ambitum
1141 2987 1221 3039 initio

130 3067 199 3128 patu
213 3076 317 3114 novam
327 3060 539 3141 felicioremque
548 3069 669 3118 aetatem
687 3061 787 3116 aeliae
797 3062 870 3113 bene
881 3057 1044 3110 conclusum
1054 3055 1221 3122 ctinpartes

132 3134 258 3207 exortam
283 3129 424 3197 erederet,
452 3131 552 3184 eximio
574 3138 669 3184 tamen
688 3147 753 3183 suas
767 3133 834 3197 apte
854 3123 1025 3194 descriptum
1043 3121 1222 3190 comprehen-

131 3213 260 3249 aenmme
275 3196 399 3275 sensisse
409 3197 521 3252 videtur
529 3216 585 3252 non
595 3200 670 3252 hane

131 3280 195 3342 9⁸⁸⁰
210 3281 295 3334 quam
308 3281 411 3320 novam
423 3265 545 3346 R⁰fn³¹ni
561 3267 668 3335 imperii
712 3303 751 3342 108
765 3300 916 3340 Demonstrati
925 3300 967 3338 lam
977 3307 1040 3346 supra
1048 3307 1070 3346 p.
1076 3296 1102 3342 X.
1115 3307 1159 3335 non
1167 3297 1221 3335 sdco

131 3338 307 3386 inventutem
329 3334 379 3388 sed
402 3335 544 3402 piacidum
561 3341 669 3388 tantum
688 3359 757 3394 otum
770 3353 900 3398 sensorum
909 3351 1004 3390 aalma
1017 3350 1044 3388 us
1058 3349 1176 3388 aarum
1189 3359 1224 3388 ,a

455 2451 513 2503 aud
533 2449 667 2530 indignus
686 2450 777 2504 fectus
791 2448 926 2502 historiae
940 2448 1106 2502 condendae
1119 2445 1221 2499 artifex

132 3400 309 3454 senescentis
335 3408 365 3455 et
386 3403 598 3523 ἕηοάηῐῃωοᾶο
624 3402 669 3455 fir.
688 3407 731 3444 cuii
745 3409 793 3443 ona
806 3404 903 3449 dedisse,
916 3405 997 3442 utnon
1009 3401 1224 3449 simulmagnnmtc·

688 3460 780 3496 staretur
787 3456 814 3493 de
821 3455 953 3503 gravinimis
960 3454 1043 3492 damnis
1052 3452 1156 3498 dolorem,
1169 3463 1224 3499 quse

688 3510 746 3557 prior
754 3507 872 3545 dominatio
880 3506 994 3551 intulerat,
1008 3515 1056 3543 cum
1070 3504 1178 3552 oppressis
1191 3505 1224 3542 in-

688 3559 758 3607 geniis
767 3558 896 3605 nudusque,
911 3557 1031 3604 amissaque
1040 3565 1078 3604 spe
1087 3564 1224 3594 succrescen-

155 3610 193 3648 ¹⁰⁷
212 3607 287 3656 Adflc.
298 3620 318 3648 c.
328 3610 347 3647 ³.
362 3609 418 3648 Plin.
428 3619 477 3658 epp.
486 3610 525 3658 111,
538 3612 571 3658 20,
586 3612 619 3651 it.
638 3611 671 3649 tu·
688 3612 716 3650 tis
725 3611 773 3648 aovi
783 3609 877 3648 melioris
886 3608 948 3657 pauci
958 3609 978 3646 ei
983 3616 1095 3655 superesse
1101 3606 1225 3644 viderentur

131 3661 175 3698 sius
184 3660 270 3703 Plinius
279 3661 301 3698 in
311 3661 441 3709 panegyrico
446 3661 535 3701 Traiano
545 3663 603 3701 dicto
612 3663 671 3702 iliam
678 3653 682 3683 ¹
689 3662 746 3710 iique
755 3661 855 3700 diuturna
863 3661 968 3699 servitute
977 3659 1050 3703 tracti,
1064 3657 1100 3704 qui
1109 3657 1163 3703 reip.
1173 3666 1225 3693 con-

132 3711 265 3760 principstns
279 3717 389 3758 naturam,
407 3713 454 3750 sive
467 3713 536 3762 qualis
549 3719 606 3760 erat,
624 3713 671 3752 sive
688 3713 790 3752 sniereut.
804 3707 1224 3758 lionmirumitaque,quodGern1.e.33.

131 3762 217 3852 qualem
235 3766 282 3801 tum
299 3761 351 3802 boni
369 3763 483 3811 optabant,
502 3766 615 3803 cnsmvit.
637 3765 671 3804 Ae
689 3763 790 3814 serpentia
804 3761 893 3812 imperii
905 3762 951 3811 sotii
966 3759 1071 3808 appellen
1089 3767 1115 3796 so
1127 3761 1226 3804 spectant

131 3485 205 3521 mum
224 3469 345 3538 gradum
367 3487 384 3524 a
421 3470 611 3542 propinquum
628 3471 669 3524 in·

141 3813 235 3854 ,sterias
245 3813 348 3854 restituta
362 3819 408 3852 tnm
422 3817 486 3854 etism
495 3816 581 3863 publice
590 3817 737 3864 tempio'hnc.
752 3825 806 3864 qnae
820 3814 847 3852 de
860 3815 891 3851 irs
905 3813 993 3850 deornm
1005 3809 1061 3848 intra
1070 3818 1189 3857 exponam
1203 3814 1225 3846 ct
1275 3823 1287 3828 -

131 3864 202 3904 dicato
210 3864 319 3904 celebrata
328 3869 369 3911 est.
379 3865 402 3904 id
409 3865 465 3914 qnod
475 3867 625 3915 inscriptiones
634 3867 671 3904 de-
689 3878 737 3906 cum
746 3867 819 3914 Agris.
833 3875 851 3902 c.
862 3865 882 3902 3.
896 3863 955 3901 iliam
969 3860 1093 3899 felicitatem
1106 3863 1224 3907 temporum
1309 3899 1312 3904 .

131 3919 264 3963 mamasac:
279 3915 564 3962 cinnomannorum
572 3917 611 3956 der
619 3919 670 3958 litu.
689 3917 794 3962 celebret.
809 3915 886 3964 quibus
899 3913 1031 3961 principatus
1045 3921 1070 3949 ae
1083 3910 1171 3950 libertas
1184 3913 1225 3950 mi-

131 3967 202 4007 siclis¹
209 3965 261 4007 Ges.
272 3967 333 4008 div,
343 3980 364 4008 s.
375 3969 434 4007 1850.
443 3977 486 4016 pag
502 3970 578 4018 eoosq.
587 3970 640 4008 item
648 3971 671 4008 in
689 3971 796 4014 scesntur,
804 3967 860 4006 idem
866 3971 937 4004 umen
947 3971 1073 4012 quemqnam
1082 3963 1105 4001 in
1112 3962 1225 4002 rediversa

131 4021 202 4058 onmis
215 4017 301 4058 Nervae
314 4018 451 4058 celebrantur
459 4018 561 4060 biberius
574 4019 671 4069 plublice,
689 4023 765 4069 postea
773 4015 964 4066 scripsitflistiv,
972 4016 1004 4053 tt.
1015 4015 1071 4054 liutici
1081 4013 1148 4065 {cede
1158 4013 1225 4052 iiber-

131 4067 229 4116 isstiiia,
244 4069 360 4122 Aequitas,
378 4071 401 4109 et
411 4066 479 4110 lionis
492 4069 548 4120 felir
561 4077 584 4110 et
596 4071 671 4110 eadem
689 4078 724 4112 tos
733 4076 754 4111 et
764 4068 847 4109 dorstat
856 4067 987 4109 miscentur:
997 4065 1125 4110 etAnn.lV,
1135 4065 1160 4103 ³3
1169 4065 1225 4103 mix-

131 4119 284 4162 iiisSecsn'tss
290 4119 315 4162 Ρ.
322 4120 348 4162 ii.
354 4131 417 4171 qaam
423 4121 508 4162 Tacitus
517 4132 602 4172 qnoque
611 4133 672 4172 prsc-
689 4126 734 4161 tam
746 4122 799 4169 reip.
810 4120 900 4158 sormam
913 4117 994 4156 landari
1007 4116 1092 4156 facilius
1102 4125 1165 4164 quam
1175 4125 1225 4154 cec-

132 4173 188 4213 dieat
196 4173 251 4222 Agr.
261 4175 281 4212 3.
679 4166 736 4222 inire
745 4176 783 4211 aut
791 4171 912 4210 diuturnam
922 4179 969 4209 csse
978 4178 1041 4218 posse
1051 4169 1088 4206 alt.
