2958 4960
339 447 379 510 70
688 449 872 506 CORNELII
886 449 1018 506 TAClTl

1257 553 1278 582 a.
1290 554 1313 582 u.
1327 545 1377 584 rra.

336 636 396 680 nus
414 609 581 699 magnifica
598 631 693 693 quam
711 629 794 673 nuno
816 608 848 674 vi
865 606 1055 673 Parthorum
1072 617 1126 673 aut
1143 610 1286 694 potentia
1304 611 1377 676 Ro-

181 711 186 718 ’
287 733 316 780 61
336 730 429 774 mana
446 705 601 771 iubentur.
625 712 761 768 ceterum
776 699 983 772 Germanicus
1001 702 1073 772 aliis
1088 723 1213 786 quoque
1231 703 1377 768 miracu-

336 803 375 868 lis
397 799 530 866 intendit
551 797 704 873 animum,
728 817 861 879 quorum
882 795 1052 882 praecipua
1073 796 1160 861 fuere
1182 795 1376 864 Memnonis

337 917 432 962 saxea
454 883 591 978 effigies,
619 890 674 955 ubi
696 889 790 954 radiis
814 888 888 953 solis
911 889 974 954 icta
996 900 1058 967 est,
1086 889 1227 955 vocalem
1252 913 1375 956 sonum

335 990 468 1056 reddens
475 1013 484 1066 ;
498 987 706 1068 disiectasque
718 984 798 1049 inter
811 992 842 1048 et
854 983 908 1048 vix
916 983 1039 1068 pervias
1050 1007 1159 1049 arenas
1168 985 1269 1050 instar
1276 1009 1375 1051 mon-

337 1086 415 1150 tium
428 1082 558 1148 eductae
571 1079 750 1167 pyramides
765 1079 932 1144 certamine
947 1088 978 1142 et
991 1077 1102 1164 opibus
1116 1101 1243 1164 regum3
1261 1079 1375 1146 lacus-

335 1201 397 1264 que
424 1177 541 1244 effossa
565 1176 674 1252 humo,
702 1171 920 1259 superfluentis
942 1171 1006 1237 Nili
1031 1173 1243 1258 receptacula3
1270 1183 1373 1258 atque

336 1271 410 1338 alibi
432 1270 594 1358 angustiae
622 1278 658 1357 et
673 1267 830 1354 profunda
851 1267 997 1345 altitudo,
1024 1266 1119 1331 nullis
1140 1267 1372 1350 inquirentium

336 1366 445 1451 spatiis
463 1363 673 1450 penetrabilis.
696 1362 768 1426 exin
781 1370 910 1426 ventum
922 1360 1155 1446 Elephantinen
1172 1382 1209 1426 ac
1223 1357 1369 1445 Syenen,

334 1461 471 1526 claustra
484 1459 558 1523 olim
571 1457 706 1522 Romani
723 1456 854 1540 imperii,
873 1454 958 1539 quod
971 1477 1055 1520 nuuc
1071 1454 1201 1521 rubrum
1218 1455 1262 1520 ad
1278 1478 1370 1522 mare

357 1553 476 1620 atescit.

285 1665 317 1716 62
334 1571 356 1639 p
397 1645 487 1710 Dum
504 1667 542 1709 ea
555 1653 658 1710 aestas
673 1640 862 1709 Germanico
874 1643 980 1729 plures
999 1664 1055 1728 per
1071 1643 1248 1728 provincias
1263 1653 1369 1708 trans-

334 1741 443 1826 igitur,
470 1739 556 1804 haud
577 1739 646 1804 leve
669 1737 765 1802 decus
787 1737 914 1802 Drusus
938 1737 1256 1821 quaesivitinlioiens
1281 1734 1369 1803 Ger-

335 1856 443 1900 manos
466 1835 506 1900 ad
529 1833 701 1898 discordias
724 1841 820 1916 utque
839 1831 939 1898 fracto
960 1832 1023 1896 iam
1041 1829 1239 1896 Maroboduo
1262 1852 1367 1915 usque

334 1931 367 1994 in
385 1930 514 2018 exitium
530 1929 732 2011 insisteretur.
760 1937 826 1992 erat
847 1927 927 1992 inter
945 1924 1086 1993 Gotones
1109 1925 1222 1992 nobilis
1239 1925 1367 1990 iuvenis

335 2025 459 2090 nomine
483 2022 651 2101 Catualda,
678 2021 832 2108 profugus
860 2021 934 2086 olim
960 2020 992 2084 vi
1013 2019 1204 2085 Marobodui
1229 2029 1262 2084 et
1288 2029 1367 2084 tuno

335 2117 438 2184 dubiis
465 2117 559 2182 rebus
587 2117 653 2182 eius
680 2115 829 2180 ultionem
852 2137 962 2193 ausus;
989 2113 1144 2178 invalida
1164 2135 1262 2178 manu
1283 2113 1366 2178 fines

334 2212 610 2276 Marcomanorum
626 2210 799 2296 ingreditur
817 2208 1032 2294 corruptisque
1044 2205 1233 2293 primoribus
1252 2207 1294 2272 ad
1314 2229 1366 2272 so-

335 2307 477 2371 cietatem
495 2305 643 2390 inrumpit
659 2305 779 2390 regiam
798 2303 1021 2386 castellumque
1039 2303 1127 2367 iuxta
1145 2303 1248 2367 situm.
1276 2311 1366 2368 vete·

333 2421 384 2464 res
402 2397 465 2463 illic
479 2397 659 2465 Sueborum
673 2397 808 2483 praedae
826 2407 857 2462 et
869 2398 984 2463 nostris
1002 2419 1020 2461 e
1037 2396 1205 2482 provinciis
1222 2395 1307 2460 lixae
1326 2417 1365 2461 ac

334 2490 542 2577 negotiatores
560 2491 688 2576 reperti,
707 2512 786 2575 quos
804 2491 853 2556 ius
872 2491 1064 2568 commercii,
1082 2489 1156 2556 dein
1174 2489 1288 2575 cupido
1307 2512 1365 2554 au-

333 2584 428 2670 gendi
444 2585 619 2669 pecuniam,
637 2594 832 2670 postremum
849 2584 965 2650 oblivio
982 2585 1101 2670 patriae
1119 2583 1185 2650 suis
1203 2605 1364 2667 quemque

333 2677 373 2744 ab
392 2676 519 2744 sedibus
537 2678 684 2744 hostilem
702 2679 735 2743 in
752 2701 864 2764 agrum
882 2679 1090 2744 transtulerat.
1223 2741 1227 2748 .

284 2793 314 2841 ue
396 2770 595 2849 Maroboduo
608 2773 745 2856 undique
760 2771 884 2838 deserto
898 2794 961 2837 non
978 2773 1063 2837 aliud
1077 2771 1253 2836 subsidium
1266 2793 1363 2854 quam

250 2931 251 2934 ,
333 2865 544 2931 misericordia
567 2865 718 2932 Caesarie
736 2866 809 2932 fuit:
837 2876 1052 2952 transgressus
1074 2864 1274 2942 Danuvium,
1297 2887 1363 2949 qua

332 2959 479 3034 Noricam
496 2962 688 3048 provinciam
702 2962 854 3048 praefluit,
874 2962 998 3047 scripsit
1011 2961 1138 3027 'liberio
1156 2983 1220 3026 non
1236 2970 1272 3025 ut
1289 2983 1362 3046 pro-

333 3056 428 3144 fugus
447 3067 501 3122 aut
519 3058 662 3144 supplex,
682 3058 739 3124 sed
756 3080 796 3123 ex
813 3057 963 3122 memoria
979 3057 1090 3142 prioris
1109 3055 1267 3120 fortunae:
1286 3079 1362 3121 nam

333 3152 438 3217 multis
456 3152 634 3218 nationibus
658 3153 865 3220 clarissimum
888 3152 1045 3235 quondam
1067 3173 1176 3237 regem
1193 3151 1234 3215 ad
1252 3171 1287 3216 se
1304 3173 1362 3216 vo-

333 3245 475 3312 cantibus
501 3247 677 3312 Romanam
705 3247 873 3312 amicitiam
897 3246 1092 3332 praetulisse.
1128 3265 1314 3329 responsum
1343 3269 1363 3310 a

333 3339 470 3404 Caesare
493 3349 592 3404 tutam
615 3341 644 3406 ei
666 3340 911 3423 honoratamque
934 3341 1047 3406 sedem
1064 3340 1096 3406 'm
1113 3339 1205 3404 Italia
1226 3339 1308 3416 fore,
1333 3340 1361 3404 ei

331 3440 484 3507 maneret3
508 3432 557 3496 sin
577 3432 672 3497 rebus
695 3434 762 3497 eius
786 3434 871 3498 aliud
893 3434 1094 3511 conduceret,
1117 3431 1274 3498 abiturum
1297 3432 1360 3496 fide

331 3547 394 3607 qua
414 3523 561 3589 venisset.
593 3535 731 3590 ceterum
754 3528 839 3613 apud
860 3538 1004 3594 senatum
1030 3527 1177 3593 disseruit
1197 3549 1262 3591 non
1283 3526 1361 3590 Phi-

264 3617 267 3624 ’
330 3619 451 3704 lippum
468 3616 731 3697 Atheniensibus,
755 3643 820 3686 non
835 3620 994 3708 Pyrrhum
1017 3633 1072 3688 aut
1087 3620 1281 3688 Antiochum
1303 3643 1361 3706 po-

330 3714 405 3800 pulo
422 3713 565 3779 Romano
587 3714 716 3799 perinde
739 3718 923 3782 metuendos
942 3717 1050 3782 fuisse.
1078 3724 1164 3782 extat
1181 3715 1278 3781 oratio
1297 3736 1361 3798 qua

331 3808 577 3896 magnitudinem
594 3809 667 3886 viri,
686 3810 865 3876 violentiam
883 3811 1093 3876 subiectarum
1111 3810 1141 3875 ci
1157 3809 1309 3896 gentium,
1329 3819 1359 3874 et
1405 3824 1410 3831 ·

330 3927 425 3988 qnam
446 3905 641 3991 propinquus
659 3905 769 3970 Italiae
787 3905 901 3983 hostia,
926 3927 1045 3989 suaque
1062 3904 1096 3970 in
1113 3902 1302 3969 destruendo
1320 3923 1358 3967 eo

331 3999 460 4063 consilia
473 3999 591 4066 extulit.
615 4010 646 4066 et
659 3999 875 4066 Maroboduus
890 3999 1018 4083 quidem
1030 3999 1201 4064 Ravennae
1218 3995 1356 4074 habitus,

331 4092 358 4155 si
376 4091 500 4176 quando
518 4094 741 4160 insolescerent
760 4093 872 4173 Suebi,
891 4094 982 4177 quasi
998 4093 1154 4158 rediturus
1172 4091 1206 4156 in
1222 4112 1356 4176 regnum

330 4185 557 4264 ostentabatur3
572 4189 705 4255 sednon
720 4190 854 4254 excessit
865 4189 954 4254 ltalia
962 4211 1020 4274 per
1032 4185 1248 4273 duodeviginti
1256 4206 1355 4250 annos
