3042 4956
212 511 217 524 ,
337 431 398 498 198
688 436 1014 496 coaumurscrrr

1255 539 1276 570 a.
1286 542 1308 571 n.
1319 533 1366 572 801.

333 601 433 680 fores,
455 599 615 684 astititquc
632 595 775 663 tribunus
796 617 854 683 per
870 595 1042 676 silentium,
1065 606 1099 662 at
1114 597 1247 664 libertus
1264 599 1366 666 incre·

333 719 413 784 pens
431 693 539 760 multis
555 702 589 758 et
606 691 771 766 servilibus
788 690 920 776 probris.

284 811 316 862 aa
398 788 635 875 Tuncprimum
647 787 805 852 fortunam
814 808 904 850 suam
912 786 1108 871 introspexit,
1122 786 1304 871 ferrumque
1314 811 1366 854 ao-

335 885 431 972 eepit,
458 883 544 969 quod
564 883 681 948 frustra
701 880 810 967 iugulo
832 890 886 946 aut
906 882 1025 967 pectori
1045 904 1103 967 per
1123 883 1366 968 trepidationem

335 981 506 1046 admovens
519 978 584 1042 ictu
596 977 711 1042 tribuni
725 975 916 1062 transigitur.
934 997 1048 1061 eorpus
1062 977 1154 1040 matri
1163 999 1365 1056 eoncessum3

334 1074 573 1158 nuntiatumque
596 1069 729 1136 Claudio
751 1068 890 1155 epulanti
910 1070 1030 1155 perisse
1052 1069 1273 1147 Messalinam,
1302 1094 1367 1136 nou

335 1167 482 1234 distincto
501 1189 558 1231 sua
575 1188 616 1230 an
633 1163 734 1228 aliena
750 1186 860 1240 manu3
878 1185 937 1228 nee
953 1163 1006 1228 ille
1023 1164 1186 1247 quaesivit,
1205 1165 1367 1250 poposcit-

336 1284 398 1346 que
414 1261 562 1348 poculum
581 1269 612 1324 et
629 1259 720 1324 solita
737 1259 880 1323 convivio
898 1257 1080 1336 celebravit3
1103 1281 1143 1323 ne
1161 1260 1276 1324 secutis
1296 1259 1368 1343 qui-

336 1356 409 1421 dem
422 1354 533 1420 diebus
551 1354 624 1431 odii,
642 1354 759 1440 gaudii,
777 1353 851 1430 irae,
870 1353 1021 1431 tristitiae,
1040 1353 1134 1418 ullius
1153 1354 1289 1437 denique
1307 1353 1368 1418 hu-

335 1449 421 1514 mani
438 1449 570 1515 affectus
589 1449 680 1534 signa
697 1449 796 1525 dedit,
819 1470 884 1512 non
901 1468 973 1512 cum
989 1447 1142 1512 laetantes
1164 1458 1366 1513 accusatores

335 1543 502 1630 aspiceret,
525 1565 589 1606 non
607 1564 679 1606 cum
696 1542 777 1607 filios
799 1550 989 1619 maerentes3
1011 1541 1151 1624 iuvitque
1173 1542 1366 1607 oblivionem

335 1639 402 1702 eius
425 1645 553 1702 senatus
576 1637 733 1702 censendo
759 1659 875 1703 nomen
896 1645 929 1701 et
949 1635 1072 1722 effigies
1093 1637 1224 1722 privatis
1247 1660 1285 1702 ac
1308 1660 1367 1723 pu-

334 1731 424 1798 blicis
446 1731 525 1796 locis
547 1732 773 1809 demovendas3
800 1732 926 1796 decreta
946 1730 1096 1796 Narcisso
1117 1732 1298 1814 quaestoria
1319 1732 1367 1796 in-

336 1827 451 1914 signia,
474 1826 670 1892 levissimum
686 1825 819 1891 fastidiis
829 1827 912 1902 eius,
936 1847 1008 1890 cum
1026 1849 1122 1911 supra
1138 1825 1318 1891 Pallantem
1336 1835 1366 1892 et

337 1921 503 1988 Callistum
521 1920 659 2008 ageret*
672 1921 804 1986 honesta
820 1921 957 2004 quidem,
977 1920 1034 1986 sed
1051 1941 1091 1985 ex
1108 1920 1179 2004 quis
1198 1920 1368 1986 deterrima

336 2025 510 2096 orerentur,
529 2015 546 2051 ⁴³
564 2015 697 2081 tristitiis
714 2014 821 2079 multis
829 2013 859 2079 *.

748 2182 955 2192 *-

662 2321 875 2379 CORNELII
892 2318 1046 2376 TACITI

505 2462 1196 2561 ANNALIUM

587 2643 638 2693 AB
656 2643 827 2696 EXCESSU
843 2645 927 2696 DIVI
944 2643 1112 2697 AUGUSTI

622 2799 757 2856 LIBER
773 2799 1083 2860 DUODEOIMUS.

760 2958 945 3001 anvlamutr.

390 3041 458 3114 Cap.
467 3041 492 3098 1.
501 3042 527 3098 2.
537 3039 672 3098 Claudius
683 3041 718 3096 de
727 3041 906 3097 matrimonio
917 3059 980 3098 cum
989 3042 1100 3098 libertis
1109 3042 1257 3098 deliberat
1279 3043 1368 3098 3-7.

338 3118 507 3193 Agrippina,
517 3118 678 3176 Gennaniei
687 3119 782 3174 fratris
793 3118 853 3176 eius
862 3118 932 3189 filia,
943 3120 1006 3175 aliis
1016 3121 1147 3192 praelata
1155 3120 1189 3174 L.
1201 3118 1310 3189 Silano,
1321 3121 1369 3175 cui

340 3199 483 3270 desponsa
493 3197 620 3268 Octavia,
631 3196 749 3251 insidias
760 3197 844 3251 struit
853 3197 1017 3253 administro
1026 3197 1154 3267 Vitellio,
1166 3197 1245 3251 ouius
1256 3199 1368 3252 artibus

338 3274 448 3329 inducti
458 3280 572 3328 senatus
581 3275 761 3345 populusque
771 3273 892 3330 infames
901 3274 1016 3345 nuptias
1026 3274 1158 3345 probant.
1180 3275 1206 3328 8.
1215 3275 1240 3328 9.
1251 3273 1368 3328 Silanus

338 3356 457 3404 mortem
464 3350 518 3404 sibi
525 3351 683 3404 consciscit.
702 3349 812 3406 Seneca
821 3352 948 3407 abexilio
957 3351 1368 3424 reduxstudiisNeronispraa·

338 3430 395 3491 est,
411 3425 456 3480 cui
470 3425 663 3494 despondetur
677 3426 805 3482 Octavia.
828 3429 869 3482 10.
883 3429 925 3484 11.
939 3429 1039 3484 Parthi
1051 3445 1149 3500 regem
1161 3428 1253 3484 Roma
1265 3433 1369 3498 petunt

337 3499 545 3568 Meherdaten,
565 3517 649 3571 quem
662 3501 778 3556 missum
792 3521 810 3558 a
824 3501 943 3560 Claudio
956 3504 1071 3561 Cassius
1086 3504 1115 3559 in
1128 3522 1248 3578 regnum
1262 3505 1368 3559 ducere

339 3581 466 3631 conatur.
484 3575 571 3630 1213.
582 3578 679 3632 obstat
687 3577 876 3634 frausAcbari
885 3583 1014 3638 etIzatis.
1032 3581 1073 3636 14.
1083 3582 1175 3636 victus
1185 3581 1367 3636 Meherdates

340 3653 454 3711 Gotarzi
467 3653 595 3708 traditur.
617 3655 673 3709 hoe
686 3660 798 3710 mortuo
812 3673 931 3728 regnum
945 3660 974 3714 in
989 3659 1151 3729 Vononem,
1167 3659 1232 3713 dein
1241 3659 1367 3728 Vologe-

340 3749 399 3787 sem
411 3730 589 3787 transfertur.
612 3731 654 3786 15.
663 3731 822 3788 Mithridati
835 3751 955 3805 regnum
968 3737 1053 3791 Ponti
1066 3736 1225 3807 reciperare
1237 3734 1301 3789 niso
1311 3735 1368 3789 Ro·

339 3811 415 3868 mani
424 3811 559 3866 resistunt
568 3816 598 3868 st
607 3809 694 3883 Cotys
705 3816 734 3867 et
742 3811 886 3868 Eunones.
904 3815 1025 3869 16-21.
1036 3815 1116 3886 Uspe
1125 3815 1196 3869 urba
1206 3819 1290 3884 capta
1300 3813 1367 3868 Zor·

340 3889 416 3944 sines
426 3888 531 3946 deserit
539 3889 746 3962 Mithridatem,
762 3890 810 3962 qui
820 3892 939 3962 supplex
948 3893 1061 3948 Eunoni
1074 3910 1127 3964 per
1137 3889 1367 3962 eumaprincipe

339 3967 451 4022 veniam
460 3967 592 4038 inpetrat
599 3967 774 4040 Romamque
783 3969 955 4040 perducitur.

390 4043 432 4097 22.
442 4042 617 4116 Agrippinae
632 4046 740 4101 artibus
752 4045 848 4101 Lollia
863 4049 963 4104 cedere
972 4047 1057 4102 Italia
1070 4046 1197 4115 iubetur,
1213 4042 1369 4114 Calpurnia

339 4121 515 4188 pervertitur.
533 4119 574 4175 23.
585 4122 691 4178 Salutis
701 4125 858 4195 augurium.
876 4125 1051 4197 pomoerium
1064 4125 1144 4180 urbis
1154 4124 1305 4194 prolatum.
1323 4121 1366 4176 24.

340 4202 543 4278 memorantur,
562 4199 611 4269 qui
625 4201 692 4254 olim
704 4202 883 4272 protulerint.
909 4203 952 4258 25.
966 4203 1042 4262 Nero
1056 4201 1200 4258 Domitius
1214 4218 1232 4257 a
1246 4199 1367 4256 Claudio
