3042 4956
316 469 427 534 teo
532 461 537 472 ’
712 477 1041 534 coaunnnraorrr

1285 579 1306 608 a.
1316 580 1338 609 u.
1350 569 1394 610 801.

315 660 346 708 aa
428 634 658 724 Trepidabatur
679 635 776 700 nihilo
798 636 901 701 minus
924 659 943 701 a
965 635 1117 702 Caesarea
1140 637 1258 722 quippe
1282 635 1394 714 Getae,

362 733 510 820 praetorii
535 729 707 817 praefecto,
734 730 819 795 haud
842 731 917 796 satis
939 729 1091 808 fidebant,
1119 731 1160 794 ad
1180 732 1318 796 honesta
1341 755 1396 797 seu

364 849 462 914 prava
478 826 566 890 iuxta
582 824 658 889 levi:
677 846 752 910 ergo
769 823 952 901 Narcissus,
976 824 1150 909 adsumptis
1174 823 1292 907 quibus
1311 825 1395 890 idem

363 931 477 999 metus,
486 943 550 984 non
559 919 651 983 aliam
662 941 749 1004 spem
758 918 979 984 incolumitatis
986 918 1132 984 Caesaris
1142 918 1288 996 affirmat,
1299 941 1395 1003 quam

364 1015 392 1082 si
413 1016 463 1080 ius
485 1013 619 1079 militum
640 1035 703 1078 uno
725 1011 779 1078 illo
801 1013 852 1077 die
873 1014 907 1077 in
929 1012 1065 1096 aliquem
1086 1012 1270 1078 libertorum
1292 1024 1396 1079 trans-

364 1110 472 1188 serrct5
500 1129 596 1191 seque
618 1107 709 1172 offert
732 1117 965 1193 suscepturum;
992 1129 1029 1172 ac
1050 1129 1104 1185 ne,
1129 1107 1203 1171 dum
1226 1108 1260 1172 in
1282 1108 1396 1174 urbem

363 1203 500 1282 vehitur,
524 1203 565 1267 ad
586 1201 808 1287 paenitentiam
830 1225 850 1266 a
866 1200 911 1266 L,
926 1201 1054 1266 Vitellio
1076 1214 1104 1266 et
1120 1203 1231 1288 Largo
1254 1201 1396 1268 Caecina

363 1308 547 1374 mutaretur,
566 1297 599 1360 in
617 1297 727 1362 eodem
744 1296 918 1382 gestamine
937 1296 1044 1361 sedem
1061 1297 1163 1381 poscit
1180 1297 1353 1381 sumitque.

313 1411 345 1459 tt
429 1391 549 1458 Crebra
569 1400 642 1476 post
663 1390 741 1456 haec
767 1390 852 1454 fama
873 1390 947 1467 suit,
973 1390 1055 1454 inter
1076 1390 1216 1456 diversas
1241 1391 1394 1478 principis

363 1507 471 1563 voees,
495 1505 567 1549 cum
589 1484 681 1549 modo
703 1484 860 1549 incusaret
880 1483 999 1570 flagitia
1020 1484 1140 1561 uxoris,
1164 1484 1338 1568 aliquando
1356 1487 1395 1550 ad

361 1579 544 1643 memoriam
570 1577 706 1663 coniugii
729 1584 760 1642 et
781 1577 948 1642 infantium
974 1577 1142 1643 liberorum
1167 1579 1393 1656 revolveretur,

361 1693 424 1736 non
446 1671 532 1736 aliud
553 1671 749 1756 prolocutum
767 1671 930 1736 Vitellium
951 1693 1046 1756 quam
1070 1694 1109 1752 „o
1126 1671 1264 1737 lacinusl
1288 1696 1308 1738 o
1328 1695 1395 1739 sce·

361 1765 450 1831 lusl“
474 1765 611 1830 instabat
632 1765 758 1848 quidem
776 1764 942 1830 Narcissus
965 1765 1085 1850 aperire
1107 1765 1258 1852 ambages
1278 1776 1310 1832 et
1328 1768 1394 1832 reri

363 1860 486 1946 copiam
498 1859 616 1938 laceres
636 1859 692 1924 sed
705 1882 768 1924 non
780 1859 851 1924 ideo
868 1860 1008 1944 pervicit,
1028 1861 1103 1944 quin
1118 1883 1273 1945 suspensa
1287 1871 1319 1925 et
1332 1883 1394 1946 quo

363 1957 549 2021 ducerentur
565 1954 751 2020 inclinatura
767 1955 981 2040 responderet,
1001 1955 1205 2039 exemploque
1224 1955 1294 2020 eius
1311 1955 1395 2020 Lar-

362 2071 423 2137 gus
447 2049 585 2116 Caecina
606 2057 752 2114 uteretur.
783 2058 814 2112 et
835 2052 898 2112 iam
924 2057 990 2112 crat
1010 2049 1044 2111 in
1065 2059 1195 2133 aspectu
1214 2047 1395 2119 Messalina

363 2143 603 2227 clamitabatque
622 2143 742 2226 audiret
757 2140 910 2208 Octaviae
924 2151 954 2206 et
967 2141 1140 2207 Britannici
1157 2153 1301 2220 matrem,
1321 2165 1394 2208 cum

363 2237 542 2323 obstrepere
556 2245 727 2313 accusator,
748 2234 861 2301 Silium
874 2246 905 2300 ot
922 2237 1047 2321 nuptias
1060 2237 1213 2315 relerens3
1233 2237 1329 2303 simul
1343 2261 1395 2302 co-

362 2332 483 2396 dicillos
496 2330 660 2395 libidinum
674 2331 792 2395 indices
808 2331 943 2408 tradidit,
957 2331 1028 2414 quis
1042 2331 1129 2396 risus
1141 2331 1289 2397 Caesaris
1303 2353 1393 2397 arer-

362 2434 530 2503 teret3nec
548 2424 646 2488 multo
663 2434 737 2508 post
754 2423 865 2489 urbem
878 2425 1064 2512 ingredienti
1078 2425 1290 2492 offerebantur
1308 2448 1395 2491 com-

361 2539 473 2582 munes
494 2517 597 2594 liberi,
619 2517 681 2581 nisi
698 2517 865 2583 Narcissus
888 2519 1027 2584 amoveri
1048 2541 1102 2584 eos
1124 2519 1278 2584 iussisset.
1301 2518 1395 2584 Vibi·

361 2611 445 2676 diam
463 2611 618 2696 depellere
635 2611 784 2693 nequivit,
804 2611 880 2695 quin
897 2613 996 2678 multa
1014 2635 1085 2702 eum
1103 2613 1220 2677 invidia
1235 2612 1393 2699 flagitaret

360 2728 400 2769 ne
417 2703 582 2768 indefensa
599 2704 715 2768 coniux
733 2705 827 2770 exitio
841 2706 980 2785 daretur3
998 2707 1094 2793 igitur
1111 2707 1290 2771 auditurum
1307 2707 1394 2792 prin-

361 2799 462 2884 cipem
480 2808 512 2864 et
533 2798 601 2864 fore
618 2798 757 2863 diluendi
775 2800 912 2865 criminis
935 2801 1116 2867 facultatem
1133 2801 1311 2887 respondit:
1333 2801 1392 2866 iret

360 2895 484 2960 interim
501 2895 591 2981 virgo
610 2904 641 2959 et
659 2917 749 2960 sacra
766 2905 952 2980 capesseret.

310 3014 342 3063 35
425 2989 544 3055 Mirum
566 2989 646 3054 inter
667 2988 746 3054 baec
768 2989 925 3054 silentium
948 2988 1088 3068 Claudii,
1110 2988 1256 3056 Vitellius
1279 2989 1392 3076 ignaro

361 3077 501 3172 propior:
524 3084 629 3170 omnia
646 3083 757 3148 liberto
775 3083 970 3149 obediebant.
996 3083 1137 3170 patefieri
1155 3084 1283 3149 domum
1302 3083 1393 3148 adul-

361 3181 418 3244 teri
437 3188 530 3262 atque
552 3178 625 3243 illuc
647 3177 999 3265 deduci—imperatorem
1019 3177 1120 3243 iubet:
1144 3199 1181 3242 ac
1202 3177 1342 3262 primum
1360 3178 1392 3242 in

360 3272 516 3338 vestibulo
530 3273 667 3358 effigiem
680 3273 777 3357 patris
793 3270 863 3338 Silii
876 3272 1018 3338 consulto
1034 3281 1160 3336 senatus
1173 3271 1323 3336 abolitam
1337 3273 1392 3337 de-

360 3374 526 3441 monstrat,
550 3367 630 3441 tum,
654 3365 806 3448 quidquid
823 3367 942 3431 avitum
959 3367 1136 3432 Neronibus
1155 3375 1186 3430 et
1201 3363 1336 3444 Drusis,
1359 3367 1390 3430 in

358 3457 493 3542 pretium
514 3457 620 3540 probri
643 3459 790 3547 cessisse3
813 3459 1038 3545 incensumque
1060 3470 1091 3526 ct
1109 3461 1149 3526 ad
1167 3461 1268 3526 minas
1287 3483 1391 3526 enun-

359 3559 486 3637 pentem
503 3550 612 3614 castris
630 3550 732 3629 infert,
751 3562 860 3636 parata
878 3556 1021 3620 contione
1039 3555 1187 3634 militum;
1206 3555 1291 3640 apud
1309 3577 1389 3638 quos

358 3653 580 3732 praemonente
597 3643 745 3710 Narcisso
763 3669 864 3731 pauca
881 3649 978 3714 verba
995 3650 1083 3715 fecit:
1102 3673 1175 3714 nam
1194 3649 1254 3714 etsi
1270 3649 1390 3714 iustum

360 3742 499 3808 dolorem
507 3739 609 3825 pudor
621 3739 819 3826 impediebat.
840 3744 1006 3809 continuus
1021 3744 1134 3809 dehinc
1143 3743 1318 3810 cohortium
1327 3742 1390 3806 ela·

359 3862 427 3904 mor
448 3835 575 3902 nomina
595 3858 720 3900 reorum
742 3847 774 3901 et
794 3859 913 3922 poenas
936 3838 1158 3926 flagitantium
1180 3839 1388 3921 admotusque

361 3932 458 4000 Silius
484 3931 631 3996 tribunali
652 3951 716 3997 non
738 3931 966 4010 defensionem,
993 3957 1058 3998 non
1083 3956 1187 3999 moras
1214 3930 1387 4017 temptavit,

358 4036 503 4112 precatus
520 4035 555 4090 ut
578 4049 662 4091 mors
684 4027 916 4092 acceleraretur.
943 4029 1055 4093 eadem
1077 4028 1252 4094 constantia
1269 4035 1301 4090 et
1317 4025 1388 4090 illu-

359 4130 440 4184 stres
462 4119 583 4203 equites
606 4117 765 4186 Romanos
788 4122 917 4207 cupidos
943 4132 1085 4188 maturae
1106 4121 1192 4186 necis
1214 4120 1297 4186 serit:
1325 4117 1385 4205 [et]

359 4212 479 4276 Titium
496 4212 680 4290 Proculum,
704 4216 866 4280 custodem
884 4239 903 4281 a
922 4213 1001 4281 Silio
1019 4215 1212 4282 Messalinae
1230 4213 1339 4278 datum
1356 4227 1385 4278 ct
