2960 4962
343 445 403 510 148
688 448 1020 538 cosunpnmmm

1262 552 1283 584 ι.
1296 555 1322 585 u.
1335 547 1386 586 ¹181.

339 617 412 680 dam
430 612 611 678 libertorum
630 619 661 674 et
678 610 810 696 petitum
827 631 862 674 se
880 631 1029 694 arguens,
1052 609 1268 696 ultionemque
1287 612 1387 678 haud

339 710 472 774 obscure
484 705 644 792 poscebat.
667 725 726 769 neo
738 726 827 768 mora
838 704 916 786 quin
929 702 1160 771 decerneretur:
1179 716 1211 770 et
1224 705 1386 772 traheba-

339 815 390 870 tur
406 803 586 878 damnatus,
609 808 760 884 quantum
782 797 919 864 obducta
935 808 1023 863 verte
1046 808 1077 864 et
1093 799 1253 865 adstrictis
1272 801 1385 867 fauci-

339 898 399 962 bus
417 895 474 961 niti
486 903 617 980 poterat,
635 892 798 958 clamitans
813 891 858 956 sio
875 891 1015 957 inchoari
1033 915 1159 971 annum,
1177 893 1236 959 has
1252 891 1384 960 Seiano

340 990 482 1056 victimas
504 988 630 1065 cadere,
651 1008 714 1070 quo
736 986 922 1052 intendisset
942 986 1065 1064 oculos,
1087 1009 1152 1071 quo
1173 987 1270 1054 verba
1289 990 1384 1056 acci·

339 1087 461 1161 derent,
480 1083 571 1169 fuga,
590 1081 735 1158 vastitas3
757 1078 859 1144 deseri
876 1079 1001 1158 itinera,
1019 1080 1103 1159 fora3
1126 1081 1309 1165 etquidem
1328 1105 1382 1147 re-

338 1177 560 1266 grediebantur
572 1173 832 1258 ostentabantque
850 1195 884 1239 se
901 1197 1035 1253 rumam,
1053 1175 1203 1261 idipsum
1216 1186 1380 1261 paventes

339 1273 425 1358 quod
451 1271 642 1338 timuissent:
669 1290 763 1354 quem
789 1268 873 1334 enim
899 1267 982 1332 diem
1008 1289 1144 1334 vacuum
1169 1291 1285 1354 poena,
1318 1270 1380 1336 ubi

339 1368 419 1432 inter
445 1387 535 1430 sacra
556 1375 587 1430 et
609 1373 696 1440 vota,
723 1385 786 1446 quo
813 1371 953 1447 tempore
978 1362 1084 1428 verbis
1111 1364 1205 1428 etiam
1226 1363 1378 1448 profanis

339 1459 487 1526 abstineri
504 1480 573 1522 mos
591 1467 685 1534 esset,
704 1455 807 1521 vinela
825 1465 856 1521 et
872 1457 1004 1540 laqueus
1017 1457 1223 1522 inducantur?
1240 1479 1308 1522 non
1326 1459 1377 1522 in-

337 1553 522 1637 prudentem
546 1549 708 1615 Tiberium
730 1558 850 1615 tantam
872 1548 1023 1615 invidiam
1044 1551 1161 1616 adisse:
1189 1553 1375 1634 quaesitum

337 1645 582 1728 meditatamque
600 1665 640 1708 ne
661 1643 739 1726 quid
755 1643 906 1728 impedire
929 1644 1073 1709 credatur
1088 1666 1153 1728 quo
1170 1645 1274 1711 minus
1294 1648 1373 1712 novi

336 1738 553 1824 magistratus,
580 1759 644 1821 quo
665 1737 759 1802 modo
781 1736 913 1803 delubra
938 1747 970 1802 et
991 1738 1114 1816 altaria,
1142 1739 1188 1804 sic
1210 1759 1373 1806 carcerem

336 1834 507 1900 recludant.
531 1842 656 1898 secutae
673 1832 801 1918 insuper
813 1831 933 1898 litterae
950 1841 1055 1917 grates
1073 1834 1195 1919 agentia
1208 1835 1295 1918 quod
1313 1836 1374 1901 ho-

336 1930 453 1994 minem
475 1927 632 1993 infensum
652 1927 699 1992 rei
719 1926 864 2012 publicae
888 1927 1098 2012 punivissent,
1126 1927 1247 1994 adiecto
1272 1931 1372 2016 nepi-

337 2023 411 2090 dam
429 2022 490 2088 sibi
507 2023 617 2099 vitam,
641 2030 803 2109 suspectas
825 2020 1021 2086 inimicorum
1038 2019 1184 2098 insidias,
1207 2021 1293 2088 nullo
1310 2046 1371 2088 no-

336 2117 479 2182 minatim
496 2116 685 2202 oonpellat03
703 2136 805 2199 neque
823 2122 928 2179 tamen
945 2113 1147 2186 dubitabatur
1162 2115 1198 2180 in
1209 2115 1370 2182 Neronem

337 2220 369 2274 et
386 2209 596 2296 Agrippinam
613 2207 742 2276 intendi.

287 2324 316 2370 tt
400 2304 442 2367 Ni
458 2303 536 2367 mihi
553 2303 742 2368 destinatum
759 2301 841 2368 foret
858 2325 951 2368 sunm
963 2324 1112 2388 quaeque
1128 2303 1162 2368 in
1180 2325 1299 2369 annum
1317 2326 1369 2368 re·

336 2396 431 2473 ferre,
458 2394 572 2461 avebat
597 2397 720 2462 animus
742 2396 841 2461 antire
866 2397 1034 2481 statimque
1055 2419 1229 2462 memorare
1250 2397 1367 2474 exitus,

336 2511 415 2572 quos
424 2487 571 2556 Latinius
585 2498 677 2573 atque
688 2487 808 2575 Opsius
818 2488 976 2574 oeterique
988 2489 1099 2576 flagitii
1113 2490 1180 2556 eius
1190 2499 1367 2576 repertores

336 2581 488 2659 habuere,
515 2605 580 2647 non
603 2583 699 2648 modo
723 2592 892 2669 postquam
914 2582 953 2648 C.
977 2582 1097 2650 Caesar
1117 2606 1222 2650 rerum
1246 2585 1367 2670 potitus

337 2687 399 2755 est,
418 2678 474 2742 sed
491 2677 639 2742 incolumi
657 2677 799 2756 Tiberio,
822 2678 878 2762 qui
893 2678 1047 2744 scelerum
1058 2679 1225 2746 ,ministros
1243 2687 1278 2743 ut
1295 2699 1368 2764 per-

336 2773 415 2836 verti
432 2771 473 2836 ab
491 2771 560 2836 aliis
578 2771 718 2850 nolebat,
740 2772 785 2837 ita
800 2772 984 2859 plerumque
1003 2773 1134 2839 satiatus
1153 2782 1184 2838 et
1201 2772 1315 2838 oblatis
1333 2773 1367 2838 in

337 2866 469 2931 eandem
486 2887 614 2952 operam
635 2865 812 2932 recentibus
835 2876 956 2932 veteres
974 2875 1006 2932 et
1027 2888 1216 2953 praegraves
1234 2865 1364 2931 adflixit.

336 2982 446 3026 verum
467 2960 526 3026 has
544 2969 638 3044 atque
655 2959 732 3025 alias
756 2960 892 3026 sontium
909 2981 1028 3044 poenas
1046 2960 1240 3046 intempore
1263 2961 1366 3025 trado-

336 3078 420 3121 mus:
441 3064 508 3120 tum
525 3054 647 3120 censuit
662 3053 796 3119 Asinius
814 3051 937 3132 Gallus,
955 3055 1046 3118 cuius
1064 3052 1235 3120 liberorum
1246 3053 1366 3140 Agrip-

335 3151 411 3236 pina
431 3158 598 3215 matertera
619 3157 698 3226 erat,
720 3148 891 3234 petendum
909 3170 929 3213 a
949 3148 1090 3236 principe
1112 3156 1147 3214 ut
1164 3159 1267 3214 metus
1291 3169 1364 3213 snos

337 3239 459 3309 senatui
475 3243 626 3308 fateretur
643 3243 842 3326 amoverique
860 3243 984 3309 sineret.
1011 3242 1129 3308 nullam
1152 3263 1251 3326 aeque
1270 3241 1365 3307 Tibe-

335 3339 415 3413 rius,
442 3344 477 3398 ut
493 3336 633 3413 rebatur,
665 3358 705 3400 ex
730 3337 897 3412 virtutibus
924 3337 990 3404 suis
1017 3359 1112 3421 quam
1143 3336 1365 3402 dissimulatio-

335 3450 409 3492 nem
426 3428 590 3513 diligebat3
617 3451 655 3494 eo
676 3430 801 3514 aegrius
819 3433 940 3518 accepit
957 3431 1076 3497 recludi
1096 3453 1179 3515 quae
1195 3441 1364 3516 premeret3

336 3521 392 3585 sed
413 3519 569 3606 mitigavit
592 3519 741 3599 Seianus,
762 3545 828 3588 non
851 3522 936 3591 Galli
958 3547 1077 3602 amore,
1101 3546 1211 3590 verum
1233 3533 1268 3589 ut
1290 3545 1365 3590 eun·

250 3661 259 3672 ,
335 3615 486 3680 ctationes
513 3613 661 3701 principis
690 3616 897 3702 opperiretur,
924 3641 1042 3706 gnarus
1068 3619 1187 3685 lentum
1208 3618 1241 3682 in
1267 3617 1365 3682 medi·

336 3712 445 3790 tando,
467 3709 523 3777 ubi
539 3710 748 3798 prorupisset,
771 3713 911 3780 tristibus
930 3714 1022 3780 dietis
1045 3713 1163 3780 auceia
1183 3712 1270 3778 facta
1291 3733 1365 3778 oon·

335 3828 474 3894 iungere.

399 3901 463 3969 Per
483 3901 567 3967 idem
593 3910 717 3988 tempus
739 3901 822 3968 Iulia
842 3911 974 3968 mortem
1001 3902 1093 3978 obiit,
1120 3923 1216 3986 quam
1237 3909 1363 3986 neptem

335 3993 503 4082 Augustus
530 3996 704 4062 convictam
730 3996 874 4062 adulterii
899 3996 1101 4063 damnaverat
1129 3995 1364 4080 proieceratque

335 4088 368 4151 in
384 4089 520 4156 insulam
537 4089 728 4168 Trimerum,
751 4090 837 4156 haud
857 4090 966 4177 procul
982 4088 1098 4176 Apulis
1119 4086 1279 4164 litoribus3
1300 4085 1363 4150 illio

335 4180 446 4266 viginti
463 4183 553 4248 annis
575 4183 703 4250 exilium
725 4184 881 4264 toleravit,
905 4183 1071 4272 Augustae
1093 4201 1154 4268 ope
1172 4189 1362 4256 sustentem
