2958 4960
400 456 610 516 ANNALIUM
627 458 700 513 LIB.
714 460 737 514 1.
755 462 875 516 56-59.
1110 454 1149 518 31

119 565 139 603 p.
150 552 193 593 cu.
205 554 242 592 15.
1236 579 1240 590 .

116 627 359 706 pugnatumque
381 617 416 680 in
438 615 625 693 obsidentis,
652 629 684 680 et
710 627 834 702 ereptus
859 617 1008 706 Segestes
1034 645 1150 710 magua

116 737 193 778 cum
221 713 469 798 propinquorum
492 719 524 774 et
549 709 708 775 clientium
734 735 842 791 manu3
868 713 989 780 inerant
1014 714 1150 782 feminae

116 807 258 884 nobiles,
275 807 358 870 inter
375 827 455 889 quas
474 826 555 869 uxor
570 803 707 869 Arminii
724 807 896 890 eademque
914 808 978 873 lilia
997 807 1148 897 Segestis,

116 901 225 966 mariti
241 901 344 986 magis
362 922 460 983 quam
481 899 619 985 parentis
642 900 760 977 auimo,
782 923 885 984 neque
906 901 989 967 victa
1005 904 1039 967 in
1060 905 1151 969 lacri-

116 1019 189 1060 mas
208 1017 311 1078 neque
330 1015 408 1059 voce
422 994 565 1079 supplex,
585 995 772 1079 compressis
785 995 866 1060 intra
884 996 987 1061 sinum
1004 997 1149 1063 manibus

116 1089 288 1175 gravidum
311 1097 435 1152 uterum
457 1088 591 1152 intuens.
619 1087 799 1153 ferebantur
820 1098 851 1153 et
874 1090 973 1175 spolia
994 1089 1150 1156 Varianae

117 1183 232 1260 cladis,
255 1182 416 1269 plerisque
434 1203 542 1246 eorum
563 1183 703 1265 quitum
723 1183 757 1246 in
774 1184 962 1250 deditionem
983 1184 1151 1250 veniebant

116 1279 255 1362 praedae
274 1277 363 1353 data3
387 1275 480 1340 simul
500 1273 650 1361 Segestes
668 1276 746 1361 ipse,
765 1277 878 1364 ingens
895 1280 966 1344 visu
983 1289 1014 1344 et
1032 1301 1150 1344 memo-
1167 1297 1199 1345 ss

117 1371 166 1435 ria
188 1371 292 1435 bonae
320 1369 478 1434 societatis
504 1370 687 1454 inpavidus3
712 1371 809 1435 verba
830 1371 897 1437 eius
919 1373 953 1436 in
977 1373 1062 1438 hunc
1082 1395 1149 1438 mo-

118 1465 196 1528 dum
212 1465 320 1529 fuere:

189 1559 281 1638 „Non
299 1558 352 1623 bic
373 1559 450 1624 mihi
471 1559 591 1644 primus
614 1581 690 1646 erga
710 1561 862 1645 populum
879 1562 1058 1628 Romanum
1075 1563 1148 1628 fidei

118 1665 151 1718 et
168 1653 365 1719 constantiae
383 1653 464 1717 dies:
483 1676 603 1737 exque
621 1677 641 1718 a
658 1654 731 1718 divo
743 1655 892 1741 Augusto
910 1657 1034 1722 civitate
1051 1658 1149 1723 dona-

119 1758 169 1814 tus
186 1771 270 1825 sum,
289 1747 407 1812 amima
424 1747 631 1831 inimicosque
649 1769 690 1812 ex
701 1749 813 1814 vestris
831 1750 1016 1816 utilitatibus
1034 1751 1146 1837 delegi,

118 1865 219 1926 neque
238 1841 313 1906 odio
331 1842 449 1926 patriae
460 1842 625 1927 -quippe
642 1843 817 1927 proditores
831 1844 925 1908 etiam
941 1845 980 1908 iis
999 1865 1078 1928 quos
1092 1867 1148 1909 an·

119 1947 272 2022 teponunt
288 1936 383 1999 invisi
401 1945 474 1999 sunt
492 1973 547 2012 -,
569 1958 679 2000 verum
701 1937 776 2020 quia
792 1936 944 2002 Romanis
964 1935 1146 2003 Germanis·

119 2053 179 2114 que
204 2031 292 2094 idem
320 2030 493 2094 conducere
515 2039 546 2094 et
566 2052 677 2115 pacem
703 2052 799 2114 quam
825 2031 943 2095 bellum
964 2029 1146 2115 probabam.

120 2145 192 2210 ergo
209 2133 369 2209 raptorem
386 2123 469 2187 libas
486 2145 589 2201 meae,
608 2124 791 2188 violatorem
808 2124 943 2189 foederis
961 2124 1067 2201 vestri,
1084 2121 1149 2188 Ar·

120 2219 250 2282 minium
263 2216 350 2302 apud
362 2216 492 2294 Varum,
511 2217 566 2300 qui
582 2227 650 2282 tum
668 2218 818 2282 exercitui
834 2217 1041 2304 praesidebat,
1059 2239 1148 2282 reum

120 2312 192 2389 feci3
215 2311 333 2375 dilatus
352 2311 486 2397 segnitia
503 2313 606 2389 ducis,
632 2313 707 2396 quia
723 2335 835 2398 parum
856 2313 1003 2399 praesidii
1019 2313 1053 2377 in
1069 2313 1148 2400 legi·

121 2405 178 2471 bus
192 2414 270 2482 erat,
290 2414 326 2469 ut
343 2427 394 2470 me
408 2415 439 2469 et
452 2404 631 2471 Arminium
646 2416 677 2471 et
694 2409 836 2474 conscios
850 2409 981 2474 vinciret
993 2408 1145 2495 flagitavi3

120 2501 204 2566 testis
222 2500 279 2564 illa
296 2522 360 2564 nox
372 2500 459 2577 mihi,
478 2500 598 2565 utinam
614 2502 719 2586 potius
737 2501 921 2567 novissima!
940 2525 1021 2587 quae
1039 2513 1146 2570 secuta

120 2604 203 2672 sunt,
223 2594 332 2658 defleri
350 2594 452 2680 magis
471 2617 566 2680 quam
585 2596 713 2660 defendi
729 2607 876 2681 possunt3
895 2606 1033 2662 ceterum
1051 2605 1082 2660 et
1098 2598 1147 2661 in-

119 2689 175 2754 ieci
191 2697 320 2754 catenas
338 2687 494 2767 Arminio,
513 2700 544 2754 et
561 2714 581 2755 a
597 2691 733 2756 factione
747 2692 814 2756 eius
832 2692 961 2757 iniectas
974 2713 1144 2777 perpessus

119 2807 196 2849 sum.
225 2794 321 2867 atque
338 2783 394 2848 ubi
411 2785 546 2868 primum
568 2785 614 2850 tui
632 2785 736 2871 copia,
759 2796 866 2851 vetera
882 2787 972 2851 novis
990 2797 1022 2850 et
1038 2786 1145 2870 quieta

119 2876 249 2942 turbidis
267 2877 457 2955 antehabeo‚
480 2901 582 2962 neque
601 2879 641 2944 ob
658 2880 847 2965 praemium,
872 2881 928 2946 sed
945 2891 981 2944 ut
1000 2903 1052 2945 me
1074 2901 1145 2965 per·

118 2973 189 3037 fidia
211 2971 391 3049 exsolvam,
414 2973 507 3038 simul
527 2975 615 3060 genti
637 2972 868 3040 Germanorum
888 2975 1019 3040 idoneus
1042 2975 1145 3039 conci·

116 3066 220 3144 lister,
244 3066 273 3131 si
294 3067 517 3151 paenitentiam
533 3090 629 3152 quam
646 3069 817 3154 perniciem
833 3068 986 3132 maluerit.
1017 3089 1075 3152 pro
1096 3069 1146 3130 iu-

117 3171 208 3225 venta
227 3171 259 3225 et
277 3183 381 3225 errore
398 3161 453 3225 filii
470 3163 594 3227 veniam
611 3185 737 3248 precor;
759 3161 856 3225 filiam
878 3161 1065 3225 necessitate
1082 3159 1146 3224 huc

116 3255 286 3319 adductam
308 3255 422 3319 fateor:
449 3267 538 3321 tuum
556 3257 614 3321 erit
639 3255 816 3321 consultare
838 3263 942 3319 utrum
968 3254 1145 3340 praevaleat
1214 3253 1217 3258 ’

116 3350 201 3432 quod
219 3371 261 3412 ex
279 3347 424 3414 Arminio
442 3351 586 3436 concepit
602 3375 643 3415 an
660 3351 747 3433 quod
758 3371 804 3414 'ex
821 3371 872 3414 me
889 3349 996 3436 genita
1013 3353 1092 3414 est“

179 3441 303 3507 Caesar
325 3443 470 3509 clementi
495 3467 647 3530 responso
672 3443 778 3509 liberis
805 3444 1050 3529 propinquisque
1076 3445 1144 3510 eius

116 3537 377 3615 incolumitatem,
400 3538 461 3623 ipsi
479 3540 586 3605 sedem
607 3548 713 3603 vetere
734 3539 768 3603 in
789 3540 950 3625 provincia
970 3539 1143 3625 pollicetur.

117 3631 289 3694 exercitum
310 3631 435 3696 reduxit
456 3654 634 3716 nomenque
654 3633 850 3718 imperatoris
872 3643 998 3699 auctore
1016 3632 1144 3698 Tiberio

117 3725 245 3809 accepit
270 3725 407 3790 Arminii
424 3749 504 3792 uxor
521 3727 618 3792 virilis
638 3749 732 3792 sexus
751 3729 879 3814 stirpem
897 3727 1008 3804 edidit3
1031 3726 1144 3790 educa-

117 3826 166 3883 tus
183 3819 357 3885 Ravennae
379 3844 542 3907 puerque
564 3843 639 3886 mox
659 3821 794 3887 ludibrio
817 3821 1011 3888 conflictatus
1034 3819 1088 3895 sit,
1110 3818 1144 3882 in

117 3923 257 3998 tempore
276 3915 466 3982 memorabo.

178 4007 283 4072 Fama
303 4009 402 4074 dediti
419 4010 616 4098 benigneque
634 4009 757 4095 excepti
777 4007 920 4094 Segestis
942 4007 1084 4094 vulgata,
1107 4018 1142 4072 ut
1160 4028 1192 4077 59

118 4101 295 4187 quibusque
312 4103 430 4170 bellum
443 4107 550 4171 invitis
568 4116 623 4171 aut
640 4102 836 4189 cupientibus
851 4111 926 4179 erat,
945 4125 1001 4188 spe
1018 4102 1069 4167 vel
1087 4103 1141 4168 do-

119 4191 179 4261 lore
201 4199 364 4284 accipitur.
392 4201 572 4266 Arminium
591 4223 685 4284 super
705 4197 830 4263 insitam
852 4197 1031 4263 violentiam
1053 4207 1142 4282 rapta
