3020 4958
403 466 610 526 munaum
627 468 701 522 ma.
714 469 795 526 xlv.
811 469 932 526 arr-u
1071 435 1076 446 ’
1109 462 1174 527 2ῖ3

144 561 339 717 iiriabfdbtum
355 624 444 690 urbis
458 636 673 712 arguerentur,
691 626 733 690 ad
744 637 921 712 praetorem
933 627 1107 708 detulisset,
1125 631 1173 696 in-

145 723 235 788 terim
258 720 364 806 specie
385 720 506 806 legum,
529 742 605 784 mox
626 721 871 805 praevaricando
893 721 1043 787 ultionem
1065 725 1172 789 elusu-

144 839 207 882 rus.
236 814 362 879 additur
385 825 512 878 senatus
535 813 692 890 consulto,
719 815 774 897 qui
795 814 890 879 talem
912 838 1040 901 operam
1062 819 1173 904 empti-

145 919 244 974 tasset
256 907 503 985 vendidissetve,
521 907 651 992 perinde
662 929 766 993 poena
778 917 934 976 teneretur
946 933 984 975 ac
1001 911 1029 974 si
1045 911 1173 997 publico

144 1002 261 1067 iudicio
280 1001 455 1066 calumniae
473 1001 709 1066 condemnatus.

208 1096 309 1160 Haud
326 1095 424 1159 multo
440 1105 514 1181 post
536 1094 731 1180 praefectum
752 1096 840 1162 urbis
857 1097 1034 1164 Pedanium
1053 1099 1174 1165 Secun-
1191 1121 1223 1168 rs

144 1192 222 1254 dum
241 1210 351 1254 servus
369 1188 469 1274 ipsius
487 1189 642 1254 interfecit
660 1211 717 1254 seu
733 1201 849 1278 negata
864 1191 1015 1270 libertate,
1034 1195 1085 1259 cui
1101 1217 1173 1280 pre·

46 1349 52 1358 ,
145 1286 225 1349 tium
246 1283 423 1369 pepigerat,
447 1282 513 1346 sive
535 1305 641 1347 amore
664 1284 778 1350 exoleti
799 1285 942 1350 infensus
960 1297 992 1352 et
1008 1289 1172 1353 dominum

145 1379 306 1444 aemulum
327 1399 390 1442 non
412 1377 556 1442 tolerans.
583 1387 722 1442 ceterum
743 1401 816 1443 cum
837 1390 941 1446 vetere
959 1403 999 1446 ex
1020 1405 1108 1447 more
1125 1384 1173 1447 fa-

145 1473 266 1538 miliam
289 1493 427 1548 omnem,
450 1493 531 1554 quae
554 1470 613 1536 sub
635 1468 746 1536 eodem
768 1482 850 1538 tecto
871 1475 1106 1554 mansitaverat,
1129 1477 1172 1541 ad

148 1565 338 1654 supplicium
356 1565 408 1650 agi
426 1575 594 1652 oporteret,
613 1587 768 1632 concursu
784 1567 901 1653 plebis,
920 1592 1001 1653 quae
1018 1579 1063 1635 tot
1080 1572 1171 1636 inno-

145 1662 217 1726 xios
234 1659 431 1747 protegebat,
453 1681 555 1744 usque
572 1660 613 1724 ad
631 1660 816 1726 seditionem
832 1674 962 1728 ventum
979 1676 1028 1729 est
1045 1677 1172 1730 senatu-

146 1777 208 1838 que
221 1753 338 1839 inipso
352 1762 440 1822 erant
452 1753 556 1818 studia
568 1753 698 1818 nimiam
712 1756 909 1822 severitatem
926 1759 1171 1843 aspernantium,

146 1846 290 1933 pluribus
307 1847 385 1910 nibil
403 1845 587 1912 mutandum
604 1847 814 1928 censentibus,
833 1852 878 1914 ex'
889 1851 960 1934 quis
980 1851 1018 1918 C.
1038 1851 1172 1917 Cassius

146 1941 319 2006 sententiae
336 1941 405 2005 loco
422 1941 456 2004 in
472 1941 556 2006 hunc
572 1942 702 2006 modum
720 1943 881 2008 dissentit:

213 2033 482 2121 „Saepenumero,
499 2045 605 2120 patres
624 2036 806 2122 conscripti,
824 2037 858 2100 in
875 2037 935 2101 hoc
953 2037 1061 2102 ordine
1078 2038 1173 2102 inter-
1190 2059 1223 2106 rs

146 2130 211 2208 fui,
231 2151 304 2194 cum
326 2129 433 2195 contra
449 2130 592 2195 instituta
609 2141 641 2194 et
656 2130 744 2217 leges
768 2130 921 2196 maiorum
943 2154 1026 2197 nova
1044 2141 1171 2196 senatus

146 2225 272 2290 decreta
296 2224 541 2310 postularentur,
567 2246 669 2310 neque
692 2247 764 2289 sum
786 2226 985 2304 adversatus,
1010 2248 1073 2290 non
1099 2225 1173 2308 quia

146 2317 330 2382 dubitarem·
350 2339 445 2403 super
465 2317 612 2384 omnibus
638 2319 773 2406 negotiis
801 2317 913 2384 melius
935 2329 1030 2403 atque
1054 2319 1169 2384 rectius

146 2412 221 2478 olim
234 2412 396 2497 provisum
414 2422 453 2490 et,
473 2435 554 2497 quae
568 2424 829 2491 converterentur,
848 2417 881 2478 io
894 2414 1030 2478 deterius
1048 2413 1171 2490 mutari,

147 2507 203 2570 sed
220 2529 260 2570 ne
278 2506 376 2571 nimio
388 2529 494 2572 amore
509 2507 628 2591 antiqui
642 2508 738 2573 moris
753 2508 892 2574 studium
906 2531 1011 2574 meum
1024 2507 1172 2573 extollere

146 2601 282 2678 viderer3
302 2600 395 2665 simul
412 2602 566 2686 quidquid
583 2602 644 2667 hoc
660 2602 694 2666 in
711 2602 802 2669 nobis
820 2603 1011 2668 auctoritatis
1030 2612 1088 2680 est,
1107 2625 1173 2668 cre-

146 2694 210 2758 bris
230 2695 526 2762 contradictionibus
549 2697 774 2762 destruendum
796 2721 859 2762 non
881 2697 1115 2774 existimabam,
1138 2707 1173 2761 ut

146 2799 287 2853 maneret
307 2789 477 2875 integrum,
501 2790 529 2854 si
551 2791 676 2873 quando
692 2813 744 2855 res
761 2790 889 2876 publica
910 2791 1048 2856 consiliis
1067 2791 1173 2877 eguis-
1269 2799 1271 2804 '

147 2891 203 2946 set.
227 2883 313 2966 quod
330 2883 423 2948 hodie
440 2883 542 2948 evenit
554 2883 712 2949 consulari
729 2885 798 2948 viro
816 2885 901 2948 domi
916 2906 991 2948 suae
1007 2884 1173 2949 interfecto

145 2999 202 3061 per
222 2976 354 3040 insidias
381 2977 525 3055 serviles,
552 2999 632 3061 quas
659 2999 752 3042 nemo
777 2974 938 3062 prohibuit
958 2985 1013 3040 aut
1037 2977 1174 3060 prodidit

145 3068 292 3152 quamvis
314 3070 455 3135 nondum
472 3091 626 3136 concusso
648 3080 775 3134 senatus
794 3068 936 3134 consulto
954 3068 1038 3150 quod
1056 3068 1175 3152 suppli-

146 3163 232 3226 cium
254 3163 311 3228 toti
332 3163 470 3228 familiae
492 3163 703 3229 minitabatur.
730 3155 885 3227 decernite
906 3159 1032 3225 hercule
1050 3159 1175 3245 inpuni-

146 3268 258 3334 tatem,
286 3267 436 3343 atquem
460 3258 598 3344 dignitas
621 3279 680 3321 sua
700 3255 863 3333 defendat,
885 3277 956 3320 cum
977 3253 1175 3340 praefectura

146 3349 235 3415 urbis
249 3374 314 3416 non
330 3352 466 3437 profuit?
483 3375 578 3436 quem
589 3373 739 3418 numerus
759 3372 920 3416 servorum
937 3349 1082 3426 tuebitur,
1102 3369 1174 3413 cum

146 3444 324 3509 Pedanium
347 3444 531 3512 Secundum
556 3445 776 3536 quadringenti
800 3467 865 3512 non
889 3443 1098 3532 protexerint?
1123 3443 1174 3508 cui

146 3539 269 3603 familia
285 3562 378 3625 opem
396 3542 489 3620 ferat,
512 3562 593 3626 quae
608 3563 649 3606 ne
665 3541 700 3608 in
716 3551 802 3606 metu
819 3541 946 3626 quidem
963 3539 1102 3626 pericula
1117 3561 1175 3603 no-

147 3643 213 3696 stra
233 3634 386 3698 advertit?
407 3657 462 3714 an,
485 3647 522 3700 ut
537 3636 666 3720 quidam
686 3636 805 3722 lingere
823 3659 887 3701 non
903 3633 1105 3709 erubescunt,
1127 3632 1175 3694 in-

145 3727 244 3791 iurias
263 3749 338 3794 suas
360 3729 446 3794 ultus
463 3739 513 3796 ert
533 3729 725 3809 interfector,
748 3729 823 3814 quia
840 3729 880 3792 de
896 3738 1027 3813 patema
1041 3723 1176 3810 pecunia

146 3831 342 3909 transegerat
363 3835 419 3889 aut
435 3825 556 3890 avitum
572 3824 765 3910 mancipium
781 3819 1019 3888 detrahebatur?
1038 3837 1176 3902 pronun-

145 3916 262 3984 tiemus
275 3917 357 3982 ultro
370 3917 534 3984 dominnm
545 3918 613 3984 iare
626 3939 756 3982 caesum
767 3913 876 3980 videri
898 3911 975 3977 libet
992 3917 1177 3996 argumenta
1193 3929 1227 3976 rs

146 4011 331 4095 conquirere
348 4013 383 4076 in
400 4035 439 4078 eo
455 4013 541 4098 quod
554 4011 795 4098 sapientioribus
812 4005 1018 4074 deliberatum
1035 4003 1102 4068 est?
1119 4003 1177 4068 sed

146 4113 177 4168 et
195 4104 224 4168 si
241 4127 326 4170 nunc
342 4106 480 4191 primu'm
498 4105 698 4172 statuendum
710 4101 909 4175 haberemus,
927 4095 1093 4164 creditisne
1111 4117 1177 4162 ser·

146 4222 223 4264 vum
245 4200 453 4266 interficiendi
469 4199 590 4266 domini
610 4197 750 4264 animum
769 4192 958 4280 sumpsisse,
980 4203 1016 4258 ut
1032 4215 1096 4258 non
1113 4215 1177 4260 vox

201 4317 274 4360 runs
284 4317 327 4360 ιιι.
337 4317 356 4360 ι.
968 4305 1006 4362 le
