3042 4956
312 435 375 502 248
664 441 992 501 ooaunnnnaom

1235 545 1256 576 a.
1267 548 1289 576 u.
1299 538 1350 578 811.

310 607 427 692 quippe
449 603 638 670 mansitasse
659 625 723 666 una
744 601 1001 678 convincebatur3
1025 602 1080 666 sed
1097 601 1231 668 libertus
1251 627 1351 669 suum

310 701 388 767 illud
400 699 524 764 facinus
537 696 684 783 profiteri,
704 717 738 760 se
751 695 874 781 patroni
890 694 1019 759 iniurias
1032 694 1133 760 ultum
1152 717 1235 762 esse.
1260 720 1352 762 com-

311 803 513 877 moveratque
530 791 684 874 quosdam
701 787 916 875 magnitudine
938 788 1087 873 exempli,
1110 789 1212 855 donec
1230 791 1352 856 ancilla
1430 867 1433 878 ¹

311 911 352 954 ex
365 887 493 952 vulnere
505 885 624 951 refecta
636 905 744 947 verum
763 883 898 967 aperuit3
916 882 1155 967 postulatusque
1168 885 1256 968 apud
1271 907 1353 949 con·

312 983 396 1048 sulas
415 1005 434 1046 a
450 989 538 1066 patre
555 978 745 1054 interfectae,
764 985 932 1062 postquam
945 976 1105 1041 tribunatu
1122 977 1254 1055 abierat,
1274 1000 1354 1048 sen-

311 1077 409 1142 tentia
426 1083 550 1160 patrum
568 1081 600 1136 et
616 1072 687 1158 lege
704 1072 744 1136 de
762 1071 882 1136 sicariis
901 1071 1134 1135 condemnatur.

260 1193 294 1241 45
375 1169 446 1235 Non
464 1169 568 1232 minus
585 1166 718 1253 insignis
737 1187 774 1240 eo
792 1187 874 1230 anno
891 1164 1075 1250 inpudicitia
1091 1188 1283 1251 magnorum
1300 1166 1352 1230 rei

311 1264 457 1352 publicae
482 1261 636 1326 malorum
661 1260 784 1324 initium
810 1260 894 1324 fecit.
926 1268 993 1324 erat
1018 1259 1051 1322 in
1073 1259 1198 1324 civitate
1222 1257 1351 1324 Sabina

311 1357 474 1444 Poppaea,
502 1355 541 1420 Τ.
561 1352 648 1420 Ollio
673 1363 761 1440 patre
778 1354 898 1440 genita,
926 1354 983 1418 sed
1004 1375 1119 1418 nomen
1140 1353 1193 1417 avi
1209 1355 1354 1443 materni

314 1459 504 1536 sumpserat,
527 1448 641 1514 illustri
657 1448 808 1512 memoria
825 1446 967 1532 Poppaei
987 1445 1111 1524 Sabini,
1135 1448 1296 1512 consulari
1316 1452 1350 1514 e't

312 1540 945 1628 triumphalidecorepraefulgentis3nam
952 1537 1073 1606 Ollium
1082 1540 1255 1606 honoribus
1266 1565 1350 1607 non·

311 1638 387 1702 dum
400 1637 544 1701 functum
557 1636 694 1700 amicitia
707 1633 984 1720 Seianipervertit.
1007 1633 1080 1698 huic
1093 1635 1216 1700 mulieri
1229 1645 1349 1701 cuncta

311 1731 373 1796 alia
390 1730 478 1794 fuere
499 1739 622 1814 praeter
643 1728 810 1794 honestum
832 1729 985 1792 animum:
1008 1729 1124 1814 quippe
1145 1739 1247 1794 mater
1264 1731 1347 1808 eius,

312 1825 423 1891 aetatis
450 1846 526 1890 suae
551 1823 686 1888 feminas
712 1823 941 1908 pulchritudine
964 1845 1181 1910 supergressa,
1208 1824 1348 1910 gloriam

311 1920 427 2007 pariter
444 1927 475 1983 et
492 1918 628 1983 formam
648 1917 791 1995 dederat3
814 1939 890 2002 opes
913 1916 1088 1982 claritudini
1110 1918 1233 2003 generis
1254 1919 1348 1983 sulii-

312 2012 450 2092 ciebant3
466 2034 569 2078 sermo
581 2012 690 2090 comis,
704 2032 763 2076 nec
776 2011 948 2076 absurdum
960 2011 1122 2096 ingenium
1127 2035 1136 2088 ;
1155 2012 1348 2076 modestiam

312 2109 469 2195 praeferre
487 2117 519 2174 et
539 2107 669 2173 lascivia
689 2106 750 2184 uti3
770 2128 859 2170 rarus
877 2106 911 2169 in
927 2105 1088 2190 publicum
1111 2127 1274 2192 egressus,
1296 2107 1348 2171 id-

313 2226 374 2287 que
392 2203 496 2288 velata
516 2213 604 2288 parte
622 2202 699 2280 oris,
722 2225 763 2266 nc
784 2202 911 2267 satiaret
932 2211 1108 2287 aspectum,
1131 2202 1182 2266 vel
1203 2203 1280 2285 quia
1297 2204 1347 2268 sic

313 2297 458 2374 decebat3
481 2296 585 2360 famae
607 2319 778 2380 numquam
799 2296 951 2381 pepercit,
978 2296 1106 2360 maritos
1129 2305 1162 2360 et
1183 2296 1345 2363 adulteros

312 2414 376 2456 non
401 2391 598 2476 distinguens
624 2413 727 2474 neque
750 2390 877 2456 affectui
898 2413 956 2455 suo
982 2399 1037 2455 aut
1062 2391 1164 2456 alieno
1190 2391 1344 2456 obnoxia:

313 2487 396 2549 unde
409 2485 526 2549 utilitas
541 2485 765 2562 ostenderetur,
782 2485 857 2551 illuc
868 2485 1030 2551 libidinem
1043 2486 1259 2552 transferebat
1283 2487 1346 2573 igi-

313 2587 365 2642 tur
381 2588 526 2664 agentem
540 2599 610 2642 eam
627 2578 661 2641 in
674 2579 870 2645 matrimonio
880 2577 968 2645 Rufii
982 2579 1131 2664 Crispini,
1150 2581 1263 2664 equitis
1276 2581 1351 2646 Ro-'

313 2671 411 2748 mani,
438 2693 479 2736 ex
500 2692 563 2754 quo
584 2670 685 2735 filium
697 2683 871 2758 «genuerat,
897 2671 984 2740 Otho
1005 2674 1134 2758 pellexit
1155 2675 1283 2740 iuventa
1305 2698 1345 2741 ao

312 2765 390 2828 luxu
408 2774 439 2830 et
460 2765 535 2849 quia
556 2765 818 2852 flagrantissimus
840 2767 874 2830 in
895 2768 1031 2832 amicitia
1048 2767 1182 2833 Neronis
1203 2768 1345 2834 habeba·

314 2868 377 2938 tur3
395 2881 454 2950 nec
471 2882 560 2925 mora
576 2859 652 2944 quin
669 2861 821 2926 adulterio
839 2861 1069 2926 matrimonium
1086 2863 1277 2948 iungeretur.

263 2973 296 3020 46
380 2951 468 3020 Otho
487 2955 553 3020 sive
572 2976 677 3020 amore
690 2956 834 3021 incautus
847 2956 975 3020 laudare
988 2955 1122 3021 formam
1140 2957 1345 3043 elegantiam-

314 3070 377 3132 que
390 3049 498 3114 uxoris
512 3049 596 3134 apud
608 3050 790 3135 principem,
805 3050 872 3114 sive
885 3059 920 3114 ut
933 3050 1117 3114 accenderet
1129 3072 1176 3128 ac,
1191 3051 1218 3115 si
1232 3051 1345 3116 eadem

314 3143 433 3209 femina
449 3153 637 3229 poterentur,
661 3144 696 3208 id
712 3165 837 3232 quoque
858 3143 1018 3208 vinculum
1040 3144 1212 3228 potentiam
1230 3144 1260 3208 ei
1277 3145 1346 3210 adi-

315 3246 408 3302 ceret.
432 3260 526 3323 saepe
547 3238 673 3302 auditus
696 3248 744 3303 est
766 3259 957 3323 consurgens
981 3259 998 3301 e
1021 3236 1164 3302 convivio
1184 3236 1343 3317 Caesaris,

316 3351 413 3411 seque
438 3330 483 3393 ire
505 3331 546 3394 ad
566 3330 653 3394 illam
676 3331 736 3396 sibi
760 3353 941 3396 concessam
967 3331 1112 3395 dictitans
1138 3330 1343 3409 nobilitatem,

314 3421 590 3506 pulchritudinem,
612 3433 687 3486 vota
708 3425 847 3488 omnium
869 3434 900 3489 et
922 3425 1038 3511 gaudia
1054 3425 1202 3490 felicium.
1228 3425 1279 3490 his
1298 3436 1345 3491 at-

315 3535 377 3598 que
398 3512 513 3578 talibus
535 3515 734 3581 hdtamentis
752 3540 815 3582 non
836 3518 932 3604 longa
953 3519 1108 3584 cunctatio
1126 3519 1343 3606 interponitur,

316 3607 373 3674 sed
398 3618 526 3694 accepto
552 3610 639 3674 aditu
660 3608 811 3696 Poppaea
836 3612 972 3697 primum
997 3635 1054 3699 per
1078 3613 1292 3679 blandimenta
1314 3625 1345 3679 et

316 3714 399 3774 anes
426 3702 596 3782 valescere,
622 3704 774 3790 imparem
801 3707 939 3791 cupidini
966 3729 999 3772 se
1026 3717 1058 3772 et
1083 3708 1186 3773 forma
1210 3707 1344 3774 Neronis

311 3810 441 3887 captam
459 3799 624 3878 simulans3
642 3822 717 3865 mox
734 3800 798 3866 acri
815 3801 878 3866 iam
890 3801 1038 3888 principis
1053 3825 1158 3867 amore
1176 3803 1215 3867 ad
1235 3825 1345 3887 super-

317 3893 403 3962 biam
423 3904 562 3973 vertens,
585 3895 613 3961 si
629 3894 711 3960 ultra
727 3918 822 3960 unam
844 3895 1035 3980 alteramque
1056 3904 1181 3962 noctem
1198 3896 1344 3961 attinere-

317 3996 382 4067 tur,
409 3999 539 4076 nuptam
565 4011 635 4056 esse
662 4011 697 4056 se
722 3990 882 4068 dictitans,
908 4011 967 4054 nee
992 4011 1086 4075 posse
1112 3989 1343 4055 matrimonium

318 4083 473 4161 amittere,
496 4084 672 4150 devinctam
691 4082 812 4151 Othoni
832 4107 889 4170 per
910 4107 1010 4171 genus
1028 4084 1125 4162 vitae,
1148 4083 1235 4167 quod
1251 4104 1344 4148 nemo

319 4174 520 4258 adaeqrmret:
534 4177 621 4248 illum
635 4179 779 4244 animost
791 4179 877 4246 cultu
889 4177 1105 4264 magnificum
1119 4176 1164 4243 ibi
1177 4198 1211 4242 se
1221 4198 1343 4242 summa
