2958 4960
382 445 588 504 ANNALIUM
605 445 680 501 nna
693 447 731 501 11.
749 449 878 503 aa-u..
1089 439 1131 505 73

113 537 217 588 acuis.

55 690 60 697 .
111 607 247 684 vincitur,
272 628 355 670 mox
377 604 542 670 Remmius
565 613 727 682 evocaurs,
753 605 848 691 priori
870 607 1029 672 custodiae
1049 609 1134 695 regis

110 701 271 785 adpositus,
287 700 386 784 quasi
397 721 455 785 per
467 699 545 762 iram
558 697 663 784 gladio
676 721 748 762 eum
762 699 920 784 transigit:
937 702 1019 766 unde
1036 704 1135 768 maior

109 793 177 858 fides
198 793 400 858 couscientia
423 792 548 857 sceleris
571 802 603 856 et
623 802 709 856 metu
730 793 838 857 indicii
858 803 990 860 mortem
1011 795 1134 860 Vononi

108 885 235 952 inlatam.

160 979 207 1045 At
220 980 440 1046 Germanicus
453 979 604 1066 Aegypto
616 1001 760 1045 remeans
774 991 887 1047 cuncta
898 1003 980 1066 qnae
994 983 1078 1068 apdd
1091 983 1135 1048 le·
1153 1007 1184 1052 aa

108 1074 207 1159 giones
225 1087 284 1140 aut
302 1077 403 1141 urbes
421 1076 568 1151 iusserat,
587 1074 704 1141 abolita
720 1076 771 1140 vel
788 1077 822 1140 in
839 1077 1028 1141 contrarium
1045 1099 1136 1142 versa

107 1171 276 1254 cognoscit:
296 1170 378 1234 hino
391 1190 504 1255 graves
517 1169 550 1232 in
562 1165 711 1234 Pisonem
726 1170 946 1247 contumeliam
960 1191 1018 1234 nec
1032 1171 1135 1236 minus

108 1262 210 1328 acerba
227 1285 316 1347 quae
336 1264 378 1328 ab
395 1263 449 1328 illo
465 1263 500 1328 in
518 1259 688 1327 Caesarem
705 1262 945 1348 temptabantur.
969 1265 1041 1328 dein
1058 1263 1135 1329 Piso

107 1355 182 1420 abire
197 1355 296 1442 Syria
316 1357 441 1434 statuit:
460 1378 535 1420 mox
552 1356 683 1420 adversa
697 1354 877 1422 Germanici
893 1359 1064 1423 valitudine
1081 1359 1136 1424 de·

107 1459 209 1527 tentus,
229 1451 289 1516 ubi
302 1460 482 1516 recreatmn
495 1449 615 1535 aceepit
628 1459 762 1534 votaque
775 1472 831 1536 pro
849 1451 1059 1516 incolumitate
1073 1453 1135 1517 sol-

108 1543 260 1619 vebantur,
281 1547 430 1611 admotas
444 1544 573 1623 hostias,
592 1545 794 1610 sacrificalem
808 1556 1000 1631 apparatum,
1019 1549 1133 1613 sestam

109 1635 369 1706 Antiochensium
389 1639 514 1726 plebem
531 1662 588 1724 per
603 1639 727 1706 lictores
745 1640 920 1725 proturbat;
938 1652 1005 1707 tum
1024 1641 1135 1709 Seleu-

109 1731 179 1796 ciam
192 1735 381 1821 digreditur,
401 1735 565 1820 opperiens
576 1734 805 1820 aegritudinem
818 1757 898 1819 quae
915 1759 1040 1802 narsum
1053 1737 1134 1803 Ger-

110 1827 218 1891 manico
242 1830 415 1894 acciderat.
447 1850 574 1893 saevam
595 1829 660 1892 vim
681 1828 782 1894 morbi
808 1828 945 1914 augebat
971 1832 1133 1915 persuasio

111 1922 211 1986 veneni
229 1946 249 1986 a
266 1922 390 1988 Pisone
408 1922 541 2007 accepti3
564 1931 596 1987 et
611 1921 845 2008 reperiebantur
866 1923 934 1988 solo
951 1945 989 1987 ac
1010 1924 1135 2008 parieti-

111 2009 162 2076 bus
178 2027 286 2081 erutae
301 2017 513 2084 humanorum
526 2037 690 2102 corporum
702 2017 862 2099 reliquiae,
881 2017 1019 2080 carmina
1032 2025 1063 2080 et
1080 2017 1135 2080 de-

112 2107 242 2174 votiones
262 2122 296 2175 et
314 2132 430 2175 nomen
445 2107 624 2175 Germanici
636 2108 792 2195 plumbeis
807 2108 921 2174 tabulis
935 2108 1133 2193 insculptum,

113 2204 232 2268 semusti
254 2205 380 2270 emeres
402 2225 440 2268 ac
462 2202 534 2268 tabe
556 2203 644 2270 obliti
666 2204 788 2287 aliaque
806 2203 959 2268 maleficia
980 2203 1050 2287 quis
1069 2225 1135 2267 cre-

116 2292 188 2358 ditur
204 2298 330 2364 animas
348 2296 528 2362 numinibus
542 2297 673 2362 infernis
688 2298 813 2363 sacrari.
837 2296 930 2362 simul
942 2297 1031 2362 missi
1048 2320 1068 2361 a
1080 2296 1134 2360 Pi-

115 2408 181 2452 sone
196 2391 426 2459 incusabantur
442 2400 478 2456 ut
493 2391 674 2457 valitudinis
692 2393 825 2458 adversa
841 2393 999 2457 rimantes.

169 2481 216 2550 lta
235 2485 429 2552 Germanico
450 2485 535 2550 hand
556 2486 662 2550 minus
683 2487 731 2550 ira
751 2509 846 2571 quam
867 2509 924 2573 per
944 2495 1064 2551 metum
1081 2509 1134 2552 ac-
1152 2507 1184 2554 ro

116 2585 207 2658 cepta:
233 2582 262 2645 si
283 2580 382 2646 limen
408 2579 615 2658 obsideretur,
643 2581 671 2644 si
693 2579 900 2646 effundendus
924 2581 1050 2668 spiritus
1074 2580 1133 2645 sub

118 2669 203 2736 oculis
224 2675 424 2738 inimieorum
442 2674 536 2750 foret,
560 2673 635 2756 quid
657 2674 769 2738 deinde
787 2675 978 2740 miserrimae
996 2675 1132 2759 coniugi,

117 2763 181 2842 quid
196 2765 376 2833 infantibus.
393 2767 499 2832 liberis
521 2769 726 2832 eventurum?
745 2768 831 2834 lenta
851 2769 951 2833 videri
968 2768 1134 2833 veneficia:

117 2853 252 2927 festinare
276 2871 309 2926 et
330 2884 455 2948 urgere,
479 2871 514 2926 ut
530 2862 737 2946 provinciam,
761 2873 796 2927 ut
812 2863 952 2948 legiones
975 2862 1060 2927 solus
1078 2861 1134 2924 ha-

118 2945 192 3030 beut3
218 2956 278 3021 sed
303 2978 367 3020 non
392 2978 492 3039 nsque
518 2979 556 3021 eo
582 2955 741 3022 defectum
768 2955 1007 3032 Germanicum
1031 2975 1133 3036 neque

119 3051 242 3125 praemia
258 3051 364 3115 caedis
378 3051 464 3135 apud
475 3050 706 3116 interfectorem
720 3073 883 3115 mansura.-
900 3049 1057 3132 componit
1070 3048 1135 3132 epi-

121 3140 203 3207 stulas
220 3145 294 3228 quis
313 3145 483 3209 amicitiam
501 3146 531 3210 ei
547 3145 759 3223 renuntiabat:
778 3145 896 3208 addunt
913 3140 1135 3228 pleriqueius-

121 3253 179 3298 sum
201 3239 364 3323 provincia
389 3239 555 3304 decedere:
587 3262 646 3304 nec
670 3239 748 3304 Piso
774 3247 913 3303 moratus
938 3235 1020 3300 ultra
1046 3235 1134 3300 navis

122 3326 211 3409 solvit,
234 3330 518 3416 moderabaturque
537 3333 655 3409 cursui,
679 3354 741 3417 quo
758 3331 886 3419 propius
908 3331 1132 3418 regrederetur,

122 3419 143 3482 si
157 3445 236 3491 mors
257 3424 438 3492 Germanici
457 3425 583 3512 Syriam
600 3429 783 3513 aperuisset.

175 3518 293 3586 Caesar
309 3520 468 3606 paulisper
485 3519 526 3586 ad
544 3545 633 3607 spem
651 3531 782 3600 erectus,
801 3521 875 3586 dein·
891 3521 976 3588 fesso
995 3541 1133 3605 corpore,
1153 3539 1182 3585 τι

122 3607 166 3674 ubi
180 3614 250 3678 finis
269 3615 391 3690 aderat,
411 3614 599 3680 adsistentes
617 3616 734 3680 amicos
752 3616 785 3680 in
801 3616 885 3680 hunc
902 3616 1030 3681 modum
1048 3613 1135 3678 adlo-

123 3703 225 3783 quitur:
250 3707 300 3786 „si
317 3707 382 3772 sato
405 3708 622 3786 concederem,
645 3709 746 3774 iustus
768 3709 845 3773 mihi
863 3708 952 3772 dolor
969 3707 1061 3771 etiarn
1080 3704 1135 3768 ad-

122 3815 217 3866 versus
240 3802 317 3867 deos
340 3811 438 3880 essct,
465 3804 550 3887 quod
572 3826 623 3867 me
645 3804 840 3889 parentibus,
867 3801 989 3878 liberis,
1015 3797 1134 3884 patriae

123 3886 188 3960 iutra
212 3896 374 3960 iuventam
395 3898 701 3982 praematuro.exitu
722 3905 880 3983 raperent:
910 3914 995 3957 nunc
1018 3891 1133 3956 scelere

123 3978 232 4055 Pisonis
251 3999 284 4053 et
296 3988 466 4054 Plancinae
479 3991 668 4077 interceptus
686 3990 811 4055 ultimas
830 4010 938 4074 preces
956 3982 1133 4073 pectoribus

124 4084 219 4148 vestris
237 4083 395 4166 relinquo:
413 4085 555 4150 referatis
568 4085 650 4169 patri
667 4107 704 4148 ac
722 4085 810 4148 fratri
827 4082 941 4166 quibus
960 4079 1135 4146 acerbitati·

123 4166 169 4240 bus
185 4177 388 4255 dilaceratus,
411 4178 524 4263 quibus
542 4179 663 4244 insidiis
682 4178 911 4242 oberimventua
929 4174 1134 4241 miserrimam
