2958 4960
425 457 628 514 ANNALIUM
644 457 719 512 LlB.
733 459 756 512 l.
774 459 860 512 4-7.
1131 445 1148 508 7

127 565 148 602 ρ.
160 553 201 593 cn.
212 555 243 592 1⁴.

128 620 267 684 Marciae
284 617 421 704 gemitus
440 625 539 680 semet
560 614 746 690 incusantis,
765 615 850 696 quod
867 636 962 680 causa
975 616 1066 680 exitii
1083 639 1149 680 ma-

127 715 184 778 rito
203 711 323 776 fuisset.
346 720 516 792 utcumque
535 730 568 772 se
586 731 625 773 ea
640 729 691 772 res
704 705 823 783 habuit,
841 707 971 780 vixdum
988 709 1149 794 ingressus

127 805 287 891 Illyricum
304 802 450 870 Tiberius
472 802 612 887 properis
635 802 742 867 matris
763 801 873 866 litteris
895 802 1026 878 accitum
1048 825 1150 886 neque

126 901 201 963 satis
211 907 394 983 conpertum
403 906 461 973 est,
472 896 641 980 spirantem
650 894 940 982 adhueAugustum
949 897 1033 980 apud
1041 896 1150 960 urbem

126 992 239 1056 Nolam
256 1015 296 1056 an
313 990 489 1055 exanimem
505 989 688 1074 reppererit:
706 987 830 1053 acribus
847 1010 982 1072 namque
1000 990 1150 1055 custodiis

125 1087 254 1150 domum
275 1095 307 1149 et
329 1084 396 1148 vias
420 1092 579 1169 saepserat
600 1081 696 1147 Livia
716 1082 852 1165 laetique
873 1083 1029 1148 interdum
1051 1085 1150 1148 nuntii

126 1178 352 1265 irrigabantur,
380 1178 480 1244 donee
504 1176 639 1261 provisis
665 1197 745 1259 quae
771 1169 895 1260 tempus
921 1175 1082 1255 monebat,
1110 1178 1152 1241 si-

127 1273 190 1336 mul
212 1272 388 1336 excessisse
405 1268 588 1356 Augustum
611 1279 642 1334 et
658 1291 761 1334 rerum
783 1269 876 1354 potiri
891 1270 1048 1336 Neronem
1066 1271 1152 1336 fama

129 1367 236 1432 cadem
255 1366 336 1430 tulit

187 1460 333 1524 Primum
350 1459 472 1523 facinus
490 1459 564 1524 novi
581 1457 771 1544 principatus
795 1457 855 1522 fuit
871 1458 1016 1526 Postumi
1033 1458 1151 1546 Agrip-
1170 1479 1184 1526 6

127 1576 183 1638 pae
201 1555 324 1630 caedes,
343 1574 437 1636 quem
455 1553 599 1639 ignarum
615 1553 830 1635 inermumque
848 1555 991 1637 quamvis
1008 1555 1150 1620 firmatus

127 1649 228 1713 auimo
242 1647 383 1712 centurio
397 1669 490 1732 aegre
504 1647 648 1712 confecit.
666 1647 743 1710 nihil
756 1647 794 1711 de
808 1670 845 1712 ea
857 1669 891 1712 re
906 1647 1051 1714 Tiberius
1066 1649 1151 1734 apud

128 1752 269 1807 senatum
295 1741 456 1806 disseruit:
483 1742 580 1825 patris
606 1741 693 1806 iussa
719 1741 898 1818 simulabat,
925 1741 1039 1825 quibus
1061 1767 1151 1828 prae-

128 1836 303 1922 scripsisset
312 1835 437 1902 tribuno
446 1836 606 1900 custodiae
616 1835 767 1922 adposito,
777 1858 816 1900 ne
826 1847 1023 1902 cunctaretur
1033 1838 1152 1929 Agrip-

127 1953 195 2014 pam
214 1941 316 1995 morte
334 1929 480 2007 adficere,
503 1930 690 2013 quandoque
712 1930 779 2014 ipse
798 1952 979 2014 supremum
997 1931 1080 1994 diem
1098 1954 1152 1994 ex-

128 2024 284 2107 plevisset.
302 2023 402 2088 multa
416 2023 482 2088 sine
496 2023 592 2088 dubio
607 2045 762 2106 saevaque
775 2022 944 2108 Augustus
958 2025 997 2087 de
1011 2024 1151 2089 moribus

128 2117 334 2182 adulescentis
348 2126 489 2199 questus,
508 2127 542 2180 ut
556 2116 683 2182 exilium
697 2117 765 2182 eius
779 2125 906 2182 senatus
922 2117 1063 2182 consulto
1081 2141 1153 2182 san-

128 2213 238 2276 ciretur
265 2212 453 2296 perfecerat:
485 2222 622 2277 ceterum
647 2212 680 2274 in
706 2211 821 2276 nullius
848 2234 998 2294 umquam
1025 2234 1152 2276 suorum

128 2328 232 2370 necem
258 2306 395 2381 duravit,
419 2327 520 2387 neque
542 2315 673 2372 mortem
696 2305 801 2390 nepoti
823 2327 880 2390 pro
902 2307 1068 2372 securitate
1090 2307 1153 2393 pri-

129 2401 211 2486 vigni
233 2399 363 2463 inlatam
388 2399 534 2464 credibile
558 2411 636 2464 erat:
660 2401 791 2486 ,propius
815 2423 903 2477 vero,
931 2401 1093 2467 Tiberium
1114 2424 1152 2468 ae

130 2494 267 2569 Liviam,
286 2494 373 2558 illum
393 2504 491 2571 metu,
514 2494 595 2558 hane
612 2493 828 2560 novercalibus
848 2495 942 2572 odiis,
966 2497 1103 2581 suspecti
1121 2506 1152 2560 et

128 2587 217 2652 invisi
235 2588 358 2652 iuvenis
376 2588 504 2652 caedem
518 2587 726 2654 festinavisse.
745 2590 899 2654 nuntianti
917 2590 1099 2667 centurioni,
1117 2600 1152 2653 ut

128 2703 192 2746 mos
210 2680 354 2758 militiae,
378 2681 496 2746 sactum
515 2705 585 2746 esse
608 2683 693 2766 quod
709 2683 907 2768 imperasset,
930 2705 1031 2768 neque
1053 2684 1152 2768 impe-

128 2798 211 2840 rasse
230 2797 301 2840 sese
319 2775 518 2864 strationem
537 2776 611 2840 facti
629 2777 818 2840 reddendam
841 2778 925 2862 apud
943 2788 1087 2844 senatum
1104 2799 1153 2842 re-

129 2868 261 2952 spondit.
285 2869 369 2952 quod
387 2881 554 2954 postquam
573 2869 743 2936 Sallustius
763 2869 909 2956 Crispus,
929 2873 1084 2957 particeps
1104 2893 1153 2935 se·

129 2963 370 3028 cretorum-is
388 2963 429 3026 ad
447 2964 604 3028 tribunum
622 2965 749 3028 miserat
767 2965 926 3030 codicillos
940 2965 1151 3048 —eomperit

130 3068 270 3122 metuens
284 3079 410 3122 nereus
424 3058 617 3136 subderetur,
635 3061 723 3124 iuxta
735 3059 911 3144 periculoso
924 3059 997 3122 ficta
1010 3080 1066 3122 seu
1080 3080 1151 3122 vera

130 3161 297 3234 promeret,
322 3153 443 3216 monuit
464 3153 591 3218 Liviam
613 3176 653 3218 ue
676 3175 789 3218 arcana
811 3152 937 3228 domus,
964 3173 1003 3215 ne
1025 3151 1153 3214 consilia

131 3247 314 3322 amicorum,
333 3247 504 3312 ministeria
520 3249 654 3313 militum
672 3247 887 3332 vulgarentur,
910 3267 989 3310 neve
1007 3243 1153 3310 Tiberius

131 3341 190 3404 vim
216 3341 410 3426 principatus
436 3343 606 3408 resolveret
632 3353 744 3408 cuncta
766 3341 807 3406 ad
829 3351 972 3406 senatum
997 3341 1152 3406 vocando:

130 3435 421 3504 eameonditionem
434 3459 505 3502 esse
517 3439 690 3524 imperandi
703 3447 738 3501 ut
755 3458 818 3501 non
836 3436 925 3502 aliter
936 3437 1015 3502 ratio
1033 3445 1153 3502 constet

131 3549 224 3610 quam
241 3529 269 3592 si
286 3530 341 3594 uni
357 3531 514 3596 reddatur.

188 3622 238 3686 At
254 3623 376 3688 Romae
393 3647 482 3688 ruere
500 3627 533 3688 in
551 3626 711 3690 servitium
729 3626 887 3703 eonsules,
905 3636 1023 3711 patres,
1043 3647 1152 3708 eques:
1173 3647 1186 3692 t

131 3726 245 3798 quanto
259 3717 329 3800 quis
343 3717 509 3797 inlustrior,
529 3729 615 3784 tanto
628 3719 729 3805 magis
747 3719 821 3784 falsi
834 3741 871 3784 ac
884 3721 1068 3784 festinantes
1087 3719 1155 3781 vul-

131 3819 225 3894 tuque
243 3811 431 3896 composito,
454 3835 494 3877 ne
511 3813 585 3878 laeti
608 3835 741 3878 excessu
762 3813 911 3898 principis
930 3834 992 3876 neu
1010 3811 1154 3874 tristiores

96 3905 104 3918 '
131 3903 312 3988 primordio,
325 3905 489 3985 lacrimas,
507 3908 673 3994 gaudium,
701 3917 846 3991 questus,
869 3907 1079 3970 adulationem
1096 3905 1155 3968 mi-

131 3997 268 4062 scebant.
293 3995 368 4063 Smc
382 3998 535 4066 Pournrus
550 4013 581 4066 et
596 3999 671 4068 er.
684 4001 837 4066 Arunmus
851 4000 995 4066 consules
1013 3999 1105 4084 primi
1122 3999 1154 4064 in

131 4090 226 4158 verba
240 4091 359 4158 Tiberii
374 4091 520 4160 Caesaris
533 4093 684 4171 iuravere,
703 4095 849 4180 apudque
863 4117 917 4160 eos
932 4091 1024 4160 Seius
1040 4091 1154 4160 Strabo

132 4193 161 4250 et
182 4184 221 4252 C.
241 4186 429 4266 Turranius,
451 4189 503 4254 ille
526 4190 748 4276 praetoriarum
771 4189 944 4255 cohortium
968 4188 1153 4274 praefectus,
