2960 4962
332 433 394 500 154
680 442 864 500 CORNELII
876 441 1005 498 TAClTl

1250 544 1272 574 ι.
1284 546 1311 575 u.
1324 537 1377 576 784.

329 619 393 658 eum
402 607 484 656 atrox
490 599 599 654 Tiberii
612 596 729 658 mimus.
746 597 789 652 31.
800 597 856 672 (25)
865 598 1023 670 Agrippina
1035 597 1108 668 perit
1119 597 1226 654 inedia.
1251 601 1299 654 32.
1311 601 1377 672 (26)

330 678 467 734 Cocceius
481 678 576 734 Nerva
594 681 696 746 sponte
709 675 769 730 vita
783 675 903 730 decedit.
925 674 968 728 33.
982 674 1038 747 (27)
1052 691 1127 729 mors
1139 672 1218 730 Aelii
1230 675 1376 746 Lamiae,

329 754 428 812 Flacci
436 753 601 824 Pomponii,
615 753 654 807 M.
663 751 774 822 Lepidi

381 831 424 887 34.
438 831 495 906 (28)
505 830 634 885 Phoenix
648 829 677 883 in
690 829 825 900 Aegypto
842 827 912 883 visa.
936 845 1022 899 snper
1035 845 1069 883 ea
1081 827 1261 884 narrationes
1279 835 1315 884 et
1330 829 1375 882 iu·

330 909 413 965 dicia
435 907 477 963 35.
492 909 549 983 (29)
562 907 661 963 Labeo
676 913 778 978 sponte
791 905 908 960 moritur
920 906 1055 961 invidiam
1068 906 1219 962 amoliente
1230 907 1374 963 Tiberio.

331 987 455 1042 Scaurus
464 985 672 1042 damnationem
681 983 778 1039 anteit
800 983 842 1038 36.
852 984 909 1057 (30)
918 983 989 1039 varii
999 984 1075 1039 cives
1083 983 1154 1038 urbe
1163 984 1266 1039 exacti.
1290 985 1374 1041 Gae-

330 1065 435 1120 tulicus
447 1063 517 1118 mira
526 1061 631 1118 fiducia
639 1061 742 1118 evadit

381 1141 424 1195 37.
437 1141 480 1196 38.
493 1139 547 1212 (31.
560 1139 606 1210 32)
616 1137 729 1192 Parthis
743 1136 920 1192 Artabanum
937 1137 1073 1192 amoturis
1091 1142 1120 1192 et
1136 1136 1309 1208 petentibus
1325 1155 1371 1194 re·

330 1235 395 1288 gem
409 1216 542 1272 Tiberius
560 1217 610 1270 dat
622 1216 775 1271 Phraatem
795 1219 825 1269 et
845 1214 901 1268 hoc
924 1219 1034 1269 mortno
1049 1213 1206 1269 Tiridatem
1224 1214 1371 1269 destinat

331 1293 441 1350 Orienti
452 1293 599 1350 Vitellium
612 1291 749 1363 praeficit
766 1290 885 1345 39-41,
899 1290 1032 1364 (33-35)
1041 1291 1164 1346 Parthos
1177 1290 1309 1345 Armenii
1325 1291 1369 1344 in·

330 1373 451 1441 vadunt,
465 1371 519 1426 bos
531 1369 638 1425 Albani
646 1370 779 1441 Iberique
789 1369 937 1424 Thessalis
952 1369 1006 1423 orti
1019 1368 1123 1422 iuvant
1144 1367 1187 1422 42.
1195 1367 1239 1421 43.
1249 1367 1308 1440 (36.
1318 1367 1389 1439 37).

330 1447 479 1502 Artabano
488 1447 518 1501 in
528 1445 673 1518 Scythiam
681 1445 805 1517 profugo
816 1445 960 1502 Tiridates
969 1444 1117 1500 sufficitur.
1134 1444 1239 1518 44(38)
1248 1443 1369 1499 Romae

329 1525 461 1578 Tiberius
471 1523 581 1578 saevire
589 1523 692 1593 pergit
710 1522 753 1576 45.
764 1522 820 1596 (39)
829 1523 982 1594 Poppaeus
992 1520 1115 1576 Sabinus
1125 1522 1194 1576 obit.

379 1601 422 1653 46.
431 1599 487 1672 (40)
501 1599 580 1653 Mors
590 1597 724 1655 Vibuleni
737 1597 897 1670 Agrippae,
912 1598 1059 1669 Tigranis,
1071 1597 1208 1652 Aemiliae
1218 1599 1364 1668 Lepidae.

328 1679 370 1733 47.
384 1677 441 1750 (41)
455 1675 543 1731 Clitas
558 1675 745 1747 Cappadoces
759 1677 821 1748 regi
839 1693 891 1732 suo
908 1677 1031 1732 rebelles
1048 1677 1174 1746 reprimit
1187 1678 1366 1734 Trebellius.

328 1755 446 1809 48-50.
456 1753 590 1826 (42-44)
599 1753 741 1808 Tiridates
756 1753 869 1824 insigne
883 1754 992 1825 regium
1004 1753 1121 1826 accipit,
1134 1771 1200 1810 mor
1207 1772 1365 1826 procerum

329 1831 447 1886 dissidio
456 1831 572 1900 pellitur
581 1829 729 1886 Artabano
738 1831 879 1886 restituto.

379 1907 422 1962 51.
432 1907 488 1980 (45)
500 1907 593 1963 Grave
608 1907 770 1962 incendium
783 1907 892 1962 Romae
907 1907 1040 1962 Tiberius
1054 1906 1225 1964 liberalitate
1238 1909 1363 1982 mitigat.

329 1988 427 2042 Macro
437 1983 594 2056 Caligulam
605 1989 709 2054 captat
727 1983 769 2038 52.
779 1984 836 2058 (46)
846 1985 978 2040 'liberius
989 1985 1024 2039 de
1034 2001 1198 2039 successore
1208 1985 1363 2041 deliberat

330 2068 390 2120 eius
405 2063 583 2134 praesagium
599 2062 633 2117 de
644 2061 782 2133 Caligula.
805 2063 935 2117 morbum
948 2060 1113 2116 dissimulat.
1135 2061 1177 2115 53.
1188 2062 1244 2134 (47)
1254 2062 1363 2118 Acutia

330 2143 487 2197 damnatur.
505 2141 649 2196 Albucilla
662 2139 814 2210 impietatis
828 2140 857 2194 in
865 2139 1021 2210 principem
1035 2138 1169 2193 defertur.
1186 2138 1229 2194 54.
1239 2139 1297 2213 (48)
1307 2139 1361 2194 Ar·

328 2219 440 2272 nuntius
450 2219 545 2273 taedio
555 2224 712 2287 temporum
720 2235 807 2272 venas
820 2215 945 2271 resolvit
963 2215 1005 2270 55.
1016 2215 1072 2288 (49)
1081 2215 1219 2285 Papinius
1236 2233 1266 2273 se
1275 2235 1360 2288 prae·

330 2295 437 2365 cipitat.
458 2295 500 2348 56.
510 2295 567 2366 (50)
578 2294 710 2348 Tiberius
723 2293 913 2349 defectionem
928 2310 1007 2347 suam
1020 2292 1241 2366 tegitChariclis
1255 2293 1360 2350 medici

329 2377 393 2425 astu
408 2375 589 2438 compertam.
612 2369 674 2424 finit
683 2387 845 2440 oppressus.
866 2369 909 2423 57.
919 2369 976 2442 (51)
986 2368 1047 2423 eius
1061 2368 1131 2430 varii
1142 2385 1225 2424 casus
1235 2375 1265 2424 et
1272 2387 1360 2426 mors.

381 2446 471 2501 Gesta
484 2446 556 2500 haec
566 2452 691 2502 extremo
705 2463 780 2501 anno
791 2446 843 2501 784
855 2463 928 2502 coss.
939 2445 1064 2502 suffectis
1073 2445 1180 2501 Trione
1195 2451 1224 2502 et
1233 2447 1358 2518 Regulo,

329 2541 364 2576 ac
374 2522 509 2592 deinceps
518 2523 600 2577 annis
611 2540 660 2578 sex
669 2522 864 2593 CnDomitio,
875 2523 914 2579 M.
923 2523 1011 2578 Furio
1020 2521 1153 2591 Camillo;
1164 2521 1223 2578 Ser.
1230 2522 1358 2595 Sulpicio

330 2598 434 2668 Galba,
443 2597 615 2653 LComelio
622 2598 715 2668 Sulla3
724 2600 931 2670 PaulloFabio,
941 2601 975 2654 L.
980 2599 1112 2669 vitalli03
1123 2599 1153 2654 C.
1159 2598 1254 2655 Cestio
1261 2601 1358 2672 Gallo,

329 2676 366 2729 M.
377 2674 496 2730 Servilio
507 2675 596 2746 Rufo;
607 2677 640 2742 Q.
650 2675 778 2747 Plautio,
789 2676 853 2733 Sex.
861 2677 996 2748 Papinio,
1007 2675 1056 2732 Cn.
1065 2676 1231 2748 Acerronio,
1242 2677 1273 2732 C.
1283 2679 1358 2734 Pon-

328 2754 368 2808 tio
379 2770 452 2808 coss.

289 2883 300 2928 1
394 2866 527 2903 *Μ’*
546 2868 703 2952 Quattuor
720 2877 752 2935 et
764 2870 972 2957 quadraginta
984 2872 1139 2938 orationes
1157 2894 1309 2958 superea
1325 2896 1357 2938 re
1407 2859 1416 2874 '

261 2949 296 2997 ‘V'
302 2950 324 2996 ὅ)
329 2963 464 3042 habitae,
483 2987 523 3029 ex
540 2966 610 3050 quis
624 2964 665 3032 ob
678 2974 796 3030 metum
810 2988 939 3052 paucae,
957 2966 1063 3052 plures
1077 2966 1283 3032 adsuetudine
1294 2966 1356 3001 '⁸'

331 3057 415 3139 „⁴⁸”
429 3059 506 3124 mihi
522 3059 674 3146 pudorem
692 3069 746 3125 aut
761 3057 877 3126 Seiano
889 3060 1041 3125 invidiam
1058 3060 1224 3125 allatmum
1237 3062 1356 3128 censui.

329 3177 421 3220 versa
443 3164 492 3221 est
512 3155 650 3233 fortuna,
675 3164 707 3222 et
727 3154 778 3220 ille
796 3155 936 3240 quidem,
963 3155 1018 3237 qui
1039 3153 1192 3240 collegam
1209 3163 1241 3219 ct
1262 3177 1359 3242 gene-

329 3272 398 3314 rum
422 3251 610 3328 adsciverat,
639 3250 700 3316 sibi
720 3252 869 3337 ignoscit:
896 3251 990 3316 ceteri
1011 3273 1106 3335 quem
1127 3275 1183 3338 per
1203 3252 1359 3318 dedecora

329 3342 446 3418 fovere,
466 3365 538 3407 oum
556 3344 673 3409 scelere
686 3344 891 3423 insectantur3
909 3345 1053 3411 miserius
1072 3346 1113 3411 sit
1130 3344 1171 3412 ob
1189 3346 1358 3412 amicitiam

330 3434 469 3498 accusari
488 3457 529 3498 an
546 3437 681 3499 amicum
695 3458 853 3516 accusare,
872 3438 958 3503 haud
974 3438 1174 3504 discreverim
1179 3464 1188 3518 ;
1206 3461 1270 3505 non
1287 3461 1359 3504 oru-

328 3524 502 3604 delitatem,
524 3549 587 3593 non
604 3528 801 3594 clementiam
819 3532 1005 3617 cuiusquam
1027 3534 1182 3620 experiar,
1205 3534 1262 3599 sed
1279 3533 1359 3599 liber

329 3630 360 3686 et
381 3620 458 3685 mihi
479 3621 541 3707 ipsi
561 3621 711 3706 probatus
734 3623 841 3690 antibo
861 3627 1045 3711 perieulum
1076 3650 1133 3693 vos
1157 3628 1297 3693 obtestor
1318 3625 1357 3692 ne

329 3716 510 3783 memoriam
527 3717 625 3782 nostri
640 3739 698 3803 per
714 3741 887 3786 maerorem
900 3743 995 3805 quam
1012 3722 1087 3788 laeti
1103 3722 1273 3801 retineatis,
1291 3723 1359 3787 adi·

330 3812 440 3878 ciendo
457 3834 508 3878 me
530 3833 654 3897 quoque
672 3812 711 3877 iis
729 3814 784 3898 qui
804 3814 867 3880 fine
885 3816 1013 3903 egregio
1030 3816 1157 3902 publica
1177 3815 1261 3881 mala
1278 3816 1358 3880 effu·

287 3911 302 3958 2
329 3911 471 3993 gerunt.“
499 3917 574 3973 tuno
592 3908 747 3995 singulos,
770 3918 805 3973 ut
823 3910 935 3994 cuique
957 3910 1123 3988 adsistere,
1146 3909 1274 3994 adloqui
1291 3910 1358 3974 ani-

261 3977 400 4066 (V'⁷)mus
423 4011 502 4081 erat,
528 4003 665 4069 retinens
688 4012 742 4068 aut
762 4003 921 4070 dimittens
942 4014 1063 4091 partem
1086 4003 1149 4071 diei
1170 4002 1356 4088 absumpsit,

329 4095 490 4178 multoque
512 4097 615 4162 adhuc
638 4108 729 4164 coetu
746 4108 778 4163 et
795 4098 915 4164 eunetis
937 4099 1126 4186 intrepidum
1148 4097 1271 4163 vultum
1289 4097 1356 4162 eius

330 4189 553 4271 spectantibus,
572 4213 644 4257 cum
662 4215 826 4276 superesse
845 4202 968 4280 tempus
986 4193 1166 4260 novissimis
1185 4191 1355 4268 crederent,
