3042 4956
444 433 955 510 aminternenses-aa.
1149 417 1212 504 219

184 545 346 598 amum

247 611 317 679 Sed
335 609 450 677 coniux
467 609 598 696 gravida
618 609 751 695 primam
772 617 942 692 utcumque
959 609 1069 696 fugam
1087 609 1128 675 ob
1146 633 1212 675 me·
1230 631 1260 678 51

182 719 250 773 tum
263 706 412 772 hostilem
425 714 456 769 et
470 704 573 769 mariti
586 704 745 768 caritatem
759 704 915 781 toleravit3
929 713 1001 789 post
1014 705 1212 771 festinatione

182 802 347 877 continua,
370 799 426 864 ubi
446 798 535 881 quati
555 807 662 862 uterus
684 807 715 861 et
735 797 853 862 viscera
875 798 1048 875 vibrantur,
1072 821 1160 864 orare
1177 810 1212 865 ut

182 905 283 960 morte
292 895 427 958 honesta
436 891 629 957 contumeliis
640 891 827 977 captivitatis
837 892 1037 971 eximeretur3
1051 891 1103 957 ille
1111 894 1211 977 primo

182 990 345 1075 amplecti,
372 988 530 1064 adlevare,
558 987 728 1063 adhortari,
755 987 850 1051 modo
874 987 1021 1051 virtutem
1044 988 1211 1064 admirans,

181 1085 278 1149 modo
300 1083 412 1147 timore
434 1104 541 1168 aeger,
567 1103 608 1146 ne
633 1081 703 1165 quis
726 1081 834 1146 relicta
855 1091 1027 1167 poteretur;
1053 1092 1212 1168 postremo

180 1177 333 1244 violentia
346 1177 472 1254 amoris,
490 1185 521 1241 et
539 1175 713 1242 facinorum
730 1198 794 1240 non
811 1176 907 1253 rudis,
927 1176 1091 1262 destringit
1109 1176 1213 1241 acina·

182 1295 254 1338 cem
272 1271 528 1354 vulneratamque
540 1271 642 1354 ripam
660 1270 701 1333 ad
713 1268 831 1334 Araxis
849 1270 951 1346 trahit,
970 1270 1090 1346 {lumini
1109 1271 1211 1348 tradit,

182 1377 218 1432 ut
235 1388 351 1452 corpus
370 1364 462 1430 etiam
480 1363 667 1429 auferretur:
691 1364 759 1448 ipse'
775 1385 924 1449 praeceps
942 1362 1081 1429 Hiberos
1099 1363 1139 1430 ad
1156 1387 1212 1449 pa-

182 1461 278 1524 trium
300 1481 433 1546 regnum
453 1457 604 1543 pervadit.
631 1457 754 1521 interim
776 1457 948 1523 Zenobiam
971 1459 1067 1522 -id
1089 1459 1212 1524 mulieri

182 1577 299 1619 nomen
320 1591 363 1600 —-
384 1553 508 1637 placida
528 1552 634 1616 illuvie
661 1552 829 1636 spirantem
851 1574 888 1617 ac
909 1553 991 1618 vitae
1012 1553 1211 1618 manifestam

183 1651 346 1714 advertere
367 1658 522 1732 pastores,
550 1655 582 1711 et
603 1647 754 1732 dignitate
776 1647 895 1712 formae
916 1647 1001 1712 haud
1023 1648 1209 1734 degenerem

182 1750 363 1827 reputantes
382 1740 521 1826 obligant
538 1739 666 1817 vulnus,
685 1741 821 1825 agrestia
839 1741 1044 1806 medicamina
1061 1741 1211 1808 adhibent

183 1837 372 1922 cognitoque
385 1835 512 1899 nomine
526 1843 557 1898 et
566 1855 642 1898 casu
655 1834 687 1897 in
702 1833 811 1899 urbem
824 1833 978 1899 Artaxata
990 1835 1094 1898 ferunt
1099 1860 1108 1912 3
1126 1835 1210 1899 unde

182 1929 398 2020 publicascura
410 1929 545 1993 deducta
557 1928 599 1991 ad
608 1927 768 1991 Tiridaten
782 1927 971 2011 comiterque
985 1937 1116 2013 excepta
1124 1927 1210 1992 cultu

183 2024 271 2110 regio
289 2023 397 2088 habita
413 2032 470 2087 est.

246 2118 371 2183 Frusro
386 2115 499 2194 Suam,
520 2113 636 2182 Snnvro
652 2113 784 2180 Orneus
802 2114 982 2178 consulibus
995 2113 1110 2178 Furius
1126 2111 1211 2179 Scri·
1228 2135 1260 2180 aa

182 2212 337 2279 bonianus
354 2211 387 2275 in
401 2211 527 2276 exilium
541 2210 652 2296 agitur,
672 2209 763 2292 quasi
776 2209 869 2273 finem
882 2207 1030 2294 principis
1043 2229 1100 2294 per
1114 2207 1211 2272 Chal-

183 2308 279 2372 daeos
298 2315 500 2384 scrutaretur3
519 2304 742 2370 adnectebatur
760 2303 881 2366 crimini
894 2302 996 2382 Vibia,
1015 2311 1115 2367 mater
1132 2302 1209 2379 eius,

185 2408 219 2462 ut
232 2423 325 2466 casus
342 2401 453 2486 prioris
472 2439 514 2447 -
531 2423 605 2464 nam
626 2399 765 2486 relegata
786 2407 853 2462 erat
870 2435 911 2446 --
929 2397 1099 2482 inpatiens:
1121 2407 1211 2483 pater

184 2493 382 2560 Scriboniani
396 2493 548 2558 Camillus
562 2516 649 2558 arma
665 2515 721 2578 per
734 2489 926 2558 Dalmatiam
943 2502 1096 2571 moverat;
1113 2493 1209 2575 idque

183 2589 224 2654 ad
237 2588 433 2653 clementiam
447 2587 589 2652 trahebat
603 2586 730 2664 Caesar,
750 2587 834 2670 quod
848 2587 976 2673 stirpem
994 2586 1139 2652 hostilem
1152 2586 1211 2650 ite-

182 2705 253 2747 rum
275 2692 488 2760 conservarem
514 2703 616 2764 neque
638 2691 744 2746 tamen
766 2681 850 2746 exuli
871 2682 966 2768 longa
987 2680 1119 2767 posthac
1144 2680 1210 2744 vita

182 2776 257 2840 fuit:
283 2785 383 2840 morte
405 2776 533 2841 fortuita
555 2799 595 2840 an
617 2798 673 2860 per
694 2797 851 2840 venenum
873 2776 1028 2841 extinctus
1050 2784 1147 2852 esset,
1174 2783 1210 2838 ut

182 2870 317 2954 quisquc
340 2870 483 2946 credidit,
510 2869 678 2956 vulgavere
720 2870 759 2933 de
781 2868 1008 2932 mathematicis
1031 2869 1123 2932 ltalia
1143 2867 1210 2952 pel-

182 2965 283 3029 lendis
301 2963 419 3030 factum
438 2974 563 3029 senatus
582 2963 759 3029 consultum
777 2973 867 3026 atrox
884 2972 916 3025 et
935 2961 1065 3026 irritum.
1092 2961 1210 3025 laudati

182 3058 297 3122 dehine
318 3058 455 3123 oratione
477 3058 626 3144 principis
650 3055 704 3139 qui
727 3055 767 3120 ob
790 3054 952 3139 angustias
974 3053 1143 3117 familiares
1161 3075 1211 3116 or·

183 3153 255 3216 dine
278 3152 432 3217 senatorio
455 3161 566 3237 sponte
592 3151 752 3226 cederent,
780 3148 918 3231 motique
941 3146 995 3230 qui
1020 3145 1210 3210 remanendo

183 3246 397 3330 inpudentiam
414 3246 589 3331 paupertati
607 3245 778 3308 adicerent.

247 3340 335 3404 Inter
352 3362 432 3423 quac
449 3340 544 3404 refert
562 3339 603 3404 ad
624 3349 729 3424 patres
747 3338 787 3403 de
804 3359 907 3423 poena
924 3334 1111 3400 feminarum
1129 3355 1209 3418 quae
1228 3354 1260 3403 53

184 3435 282 3500 servis
301 3434 575 3521 coniungerentur3
599 3434 820 3518 statuiturque,
842 3442 878 3497 ut
894 3432 1004 3519 ignaro
1026 3431 1152 3496 domino
1169 3431 1210 3496 ad

183 3529 216 3592 id
232 3529 397 3614 prolapsae
413 3530 447 3593 in
465 3529 623 3606 servitute,
643 3529 692 3593 sin
705 3528 924 3606 consensisset,
943 3549 1000 3614 pro
1017 3525 1135 3592 libertis
1154 3524 1210 3590 ha·

182 3621 338 3688 berentur.
360 3623 506 3701 Pallanti,
525 3645 620 3706 quem
636 3633 825 3708 repertorem
844 3623 911 3688 eius
928 3621 1085 3687 relationis
1104 3620 1210 3685 edide-

182 3725 231 3780 rat
249 3715 381 3794 Caesar,
403 3718 559 3802 praetoria
579 3718 716 3804 insignia
738 3728 769 3782 et
792 3717 907 3782 centies
931 3713 1138 3799 quinquagies
1161 3733 1210 3774 se-

183 3811 325 3874 stertium
343 3812 465 3876 censuit
487 3811 597 3876 consul
619 3813 803 3898 designatus
820 3811 925 3876 Barea
943 3807 1094 3872 Soranus.
1122 3804 1210 3868 addi-

183 3911 249 3967 tum
276 3928 295 3968 a
318 3903 468 3990 Scipione
491 3905 638 3970 Cornelio
664 3914 768 3990 grates
794 3901 918 3987 publice
945 3899 1098 3984 agendas,
1125 3896 1210 3979 quod

181 3997 309 4084 regibus
332 3997 489 4064 Arcadiae
512 4009 598 4064 ortus
621 3998 819 4062 veterrimam
844 3993 1037 4058 nobilitatem
1059 3990 1131 4055 usui
1151 4012 1210 4074 pu-

181 4091 264 4156 blico
289 4103 492 4178 postponeret
518 4114 614 4176 seque
635 4092 718 4156 inter
742 4088 900 4152 ministros
927 4085 1075 4172 principis
1101 4084 1209 4150 haberi

182 4185 312 4266 sineret3
331 4187 528 4253 adseveravit
542 4185 695 4252 Claudius
709 4190 890 4249 contentum
902 4181 1019 4246 honore
1032 4179 1209 4246 Pallantem
