3020 4958
309 463 372 530 266
662 469 990 526 consonantem

1231 573 1251 604 a.
1261 575 1285 605 a.
1296 566 1351 606 813.

256 659 289 706 rt
371 632 446 718 Ipse
464 629 681 713 exercitusque
698 637 734 693 ut
751 627 844 694 nullis
863 649 903 692 ex
924 629 1042 716 proelio
1060 629 1198 709 damnis,
1223 632 1269 696 ita
1286 655 1352 719 per

307 727 446 812 inopiam
463 733 495 789 et
511 723 634 788 labores
652 721 850 800 fatiscebant,
868 744 961 787 carne
978 723 1136 808 pecudum
1153 726 1350 811 propulsare

307 822 425 886 famem
442 817 545 884 adacti
550 841 559 895 ;
578 814 697 881 adhoc
712 816 843 900 penuria
860 837 974 899 aquae,
993 817 1116 882 fervida
1132 828 1253 897 aestas,
1272 819 1350 884 lon-

308 917 426 1002 ginqua
446 913 559 978 itinera
580 911 648 977 sola
670 910 760 975 (lueis
785 911 936 995 patientia
960 911 1198 998 mitigabantur,
1227 913 1348 978 eadern

308 1010 456 1096 pluraque
472 1005 617 1093 gregario
638 1003 736 1069 milite
758 1004 929 1070 tolerantis.
955 1014 1084 1070 ventum
1106 1006 1221 1072 dehine
1242 1007 1276 1072 in
1293 1007 1348 1072 lo-

309 1127 363 1169 cos
381 1101 481 1168 cultos
508 1101 733 1182 demessaeque
754 1108 899 1185 segetes,
928 1109 959 1164 et
981 1121 1021 1165 ex
1042 1099 1165 1166 duobus
1188 1101 1344 1180 castellis,

307 1200 341 1264 in
365 1219 446 1282 quae
473 1195 679 1282 confugerant
704 1194 861 1274 Armenii,
891 1196 1023 1262 alterum
1047 1198 1167 1284 impetu
1193 1209 1343 1284 captum3

307 1295 361 1378 qui
378 1292 511 1378 primam
529 1291 594 1356 vim
611 1290 809 1376 depulerant,
828 1289 991 1357 obsidione
1010 1289 1173 1377 coguntur.
1201 1293 1287 1358 unde
1305 1294 1343 1358 in

306 1387 467 1474 regionem
489 1383 730 1450 Tauraunitium
756 1394 971 1471 transgressus
997 1386 1191 1472 inprovisum
1214 1388 1345 1473 perieu-

306 1482 372 1546 lum
389 1479 513 1557 vitavit;
536 1501 610 1544 nam
627 1477 713 1542 haud
734 1477 844 1564 procul
866 1480 999 1544 tentorio
1016 1481 1083 1549 eius
1101 1503 1165 1545 non
1186 1481 1342 1568 ignobilis

306 1573 457 1640 barbarus
467 1594 539 1638 cum
552 1572 614 1638 telo
622 1583 763 1657 repertus
773 1573 913 1638 ordinem
926 1573 1110 1638 insidiarum
1119 1595 1216 1658 seque
1229 1585 1343 1641 aucto-

305 1689 371 1732 rem
393 1674 425 1732 et
446 1666 549 1732 socios
571 1687 627 1751 per
649 1675 803 1732 tormenta
824 1668 935 1744 edidit,
963 1668 1159 1752 convictique
1182 1678 1213 1734 et
1234 1670 1342 1755 puniti

306 1769 378 1826 sunt
395 1760 450 1844 qui
468 1759 572 1846 specie
590 1758 744 1824 amicitiae
762 1759 869 1826 dolum
886 1761 1047 1848 parabant.
1071 1784 1129 1827 nec
1146 1762 1245 1828 multo
1263 1773 1341 1848 post

305 1853 400 1942 legati
419 1853 644 1941 Tigranocerta
660 1853 750 1918 missi
767 1865 873 1939 patere
891 1855 1016 1922 moenia
1033 1856 1180 1935 afferunt,
1199 1856 1340 1923 intentos

306 1948 464 2036 popularis
483 1948 524 2014 ad
544 1948 646 2027 iussa;
669 1948 762 2012 simul
784 1948 939 2035 hospitale
961 1950 1092 2029 donum,
1116 1973 1262 2018 coronam
1281 1975 1340 2016 au-

307 2063 406 2121 ream,
430 2041 607 2120 tradebant,
631 2043 813 2128 accepitque
834 2064 907 2108 cum
928 2042 1060 2122 honore3
1087 2045 1340 2129 necquicquam

306 2137 377 2204 urbi
386 2138 568 2213 detractum,
583 2158 646 2220 quo
654 2137 827 2223 promptius
841 2133 1028 2221 obsequium
1036 2138 1149 2224 integri
1157 2138 1338 2204 retinerent.

256 2252 289 2300 aa
370 2229 417 2295 At
437 2231 629 2316 praesidium
647 2231 809 2317 Legerda,
832 2229 917 2314 quod
934 2230 1025 2296 ferox
1045 2232 1191 2298 iuventus
1214 2232 1341 2297 clause-

306 2334 363 2402 rat,
382 2346 446 2389 non
464 2323 531 2389 sinc
545 2325 713 2388 certamine
731 2334 944 2412 expugnatum
962 2334 1024 2403 est3
1042 2348 1116 2390 nam
1134 2335 1164 2390 et
1181 2325 1338 2412 proelium

306 2441 363 2504 pro
380 2415 477 2482 muris
496 2417 565 2482 ausi
587 2429 675 2483 erant
692 2427 723 2484 et
739 2419 824 2504 pulsi
839 2419 921 2484 intra
943 2420 1137 2485 munimenta
1154 2419 1263 2507 aggeri
1281 2420 1338 2485 dc-

305 2533 392 2575 mum
415 2520 446 2574 et
466 2511 705 2596 irrumpentium
731 2513 825 2578 armis
848 2535 985 2590 cessere3
1012 2535 1094 2596 quae
1115 2513 1239 2578 facilius
1261 2535 1338 2599 pro-

305 2603 485 2681 veniebant,
509 2605 582 2686 quia
604 2604 714 2669 Parthi
732 2605 884 2690 Hyrcano
906 2606 989 2672 bello
1011 2607 1254 2686 distinebantur;
1276 2609 1338 2673 mi·

307 2705 471 2780 serantque
501 2696 643 2781 Hyrcani
674 2697 715 2762 ad
744 2699 918 2786 principem
943 2700 1122 2766 Romanurn
1153 2701 1337 2767 societatem

179 2789 183 2796 ’
305 2798 440 2868 oratum,
472 2791 594 2856 attineri
621 2815 640 2856 a
666 2814 700 2857 se
725 2791 908 2880 Vologesen
933 2817 989 2880 pro
1018 2795 1149 2881 pignore
1180 2796 1337 2861 amicitiae

305 2895 506 2953 ostentantes.
526 2909 581 2953 eos
594 2889 807 2976 regredientes
820 2885 968 2966 Corbulo,
984 2911 1023 2954 ne
1036 2889 1221 2975 Euphraten
1234 2899 1337 2955 trans-

304 2981 406 3070 gressi
423 2981 561 3048 hostium
580 2983 730 3048 custodiis
753 2983 1063 3061 circumvenirentur,
1086 2983 1160 3048 dato
1176 2983 1336 3068 praesidio

306 3076 347 3142 ad
363 3075 456 3142 litora
473 3077 567 3142 maris
582 3076 669 3142 rubri
682 3077 820 3154 deduxit,
838 3076 922 3141 unde
939 3075 1045 3141 vitatis
1058 3076 1247 3141 Parthorum
1265 3077 1337 3140 lini-

256 3193 287 3240 26
306 3172 366 3237 bus
384 3171 501 3257 patrias
519 3171 552 3235 iu
566 3171 656 3236 sedes
670 3192 857 3238 remeavere.
881 3171 957 3255 quin
974 3180 1005 3236 et
1019 3170 1179 3236 Tiridaten
1193 3193 1251 3256 per
1262 3170 1337 3236 Me-

306 3268 363 3331 dos
382 3276 522 3331 extrema
538 3265 710 3331 Armeniae
727 3267 907 3343 intrantem,
926 3265 1100 3352 praemisso
1117 3287 1190 3330 cum
1208 3265 1335 3330 auxiliis

305 3358 465 3422 Verulano
482 3359 603 3444 legato,
623 3369 716 3443 atque
734 3360 802 3445 ipse
820 3359 996 3445 legionibus
1015 3359 1098 3437 citis,
1121 3359 1207 3424 abire
1224 3359 1335 3444 procul

306 3472 343 3515 ac
361 3471 451 3534 spem
465 3450 538 3516 belli
552 3453 693 3517 amittere
708 3452 847 3540 subegit3
865 3475 1007 3538 quosque
1020 3453 1111 3520 nobis
1125 3456 1268 3518 adversor
1281 3466 1337 3518 aut

306 3543 464 3634 ambigere
473 3545 582 3611 animis
593 3557 790 3636 cognoverat,
806 3548 955 3615 caedibus
970 3559 1001 3614 et
1013 3549 1164 3615 incendiis
1178 3571 1338 3634 perpopu-

306 3641 397 3720 latus,
416 3639 649 3727 possessionem
663 3641 834 3708 Armeniae
847 3643 1029 3730 usurpabat,
1049 3666 1120 3709 cum
1138 3643 1265 3708 advenit
1279 3643 1337 3708 Ti-

305 3759 419 3825 granes
438 3759 457 3802 a
469 3735 593 3802 Nerone
607 3737 648 3800 ad
661 3736 887 3822 capessendum
901 3738 1067 3824 imperium
1079 3737 1228 3815 delectus,
1249 3735 1338 3822 Cap-

305 3834 460 3920 padocum
484 3853 524 3896 ex
545 3830 705 3898 nobilitate
712 3879 721 3911 ,
748 3831 832 3918 regis
854 3830 1004 3897 Archelai
1029 3853 1142 3917 nepos,
1171 3831 1227 3896 sed
1249 3831 1338 3914 quod

306 3928 361 3992 diu
380 3926 473 3993 obses
492 3925 576 4012 apud
599 3925 708 3992 urbem
730 3924 847 4004 fuerat,
870 3947 971 4009 usque
989 3926 1030 3990 ad
1048 3924 1193 3990 servilem
1214 3925 1337 4010 patien-

307 4022 382 4089 tiam
396 4021 552 4086 demissus
557 4045 565 4099 ;
585 4042 642 4088 nec
656 4041 810 4088 consensu
824 4029 981 4106 acceptus,
996 4020 1127 4084 durante
1141 4020 1225 4105 apud
1238 4040 1336 4102 quos-

307 4115 379 4183 dam
402 4115 510 4180 favore
526 4113 766 4193 Arsacidarum
789 4125 821 4180 at
838 4113 979 4202 plerique
1002 4110 1181 4199 superbiam
1199 4111 1336 4176 Partho-

306 4229 375 4272 rum
398 4208 501 4292 porosi
524 4208 631 4272 datum
653 4232 673 4272 u
694 4209 845 4274 Romanis
867 4229 974 4294 rogem
996 4205 1163 4272 malebant.
1191 4204 1335 4269 additum
