2960 4962
308 401 313 411 ⁴
342 427 402 494 146
691 432 874 492 conumu
887 433 1018 516 raom

1200 526 1376 567 mutto-781.

339 595 481 660 infestior
507 593 554 658 vis
581 591 648 656 sine
669 589 845 656 levamento
870 589 1087 678 grassabatur3
1113 592 1376 678 corripueratque

271 761 282 780 1
338 688 460 754 Varum
479 685 682 770 Quintilium,
702 685 830 776 divitem
848 696 879 752 et
898 684 1028 752 Caesari
1048 686 1274 770 propinquum,
1298 685 1376 752 Do-

333 782 445 850 mitius
459 778 549 858 Ascr,
565 777 717 844 Claudiae
730 779 895 856 Pulchrae,
913 778 1021 844 matris
1035 779 1112 857 eius,
1132 779 1372 858 condemnator,

339 876 425 942 nullo
438 874 570 940 mirante
582 872 668 956 quod
680 872 736 937 diu
753 893 849 958 egens
868 881 899 938 et
911 881 1000 957 parto
1014 894 1114 958 nuper
1125 873 1265 958 praemio
1284 873 1373 940 male

286 961 288 964 ⁵
341 992 417 1034 usus
439 968 529 1054 plura
550 967 592 1031 ad
607 965 726 1052 flagitia
747 966 975 1052 accingeretur3
997 965 1147 1030 Publium
1163 966 1372 1032 Dolabellam

342 1063 461 1129 socium
483 1058 647 1126 delationis
665 1058 806 1136 extitisse
822 1057 972 1126 miraculo
991 1068 1071 1138 erat,
1093 1060 1168 1144 quia
1189 1059 1281 1126 claris
1299 1083 1372 1126 ma

338 1155 457 1222 icribus
479 1163 510 1219 et
530 1152 618 1218 Varo
644 1175 803 1218 connexus
830 1175 920 1218 suam
940 1153 1010 1238 ipse
1035 1153 1244 1233 nobilitatem,
1270 1177 1371 1220 suum

340 1248 524 1336 sanguinem
548 1247 705 1333 perditum
730 1246 809 1312 ibatz
835 1246 948 1312 restitit
969 1255 1075 1313 tamen
1102 1257 1228 1315 senatus
1255 1257 1288 1314 ct
1310 1272 1370 1336 op-

338 1344 521 1433 periendum
546 1342 765 1426 imperatorem
791 1340 926 1419 censuit;
953 1341 1038 1424 quod
1062 1363 1160 1406 unum
1185 1342 1369 1428 urgentium

338 1439 499 1514 malorum¹
509 1435 681 1520 suffugium
698 1435 731 1498 in
748 1445 872 1519 tempus
891 1442 966 1518 erat.

287 1553 318 1600 er
400 1530 448 1596 At
466 1527 585 1595 Cacsar
606 1528 758 1594 dedicatis
779 1549 837 1613 per
859 1525 1066 1613 Campaniam
1088 1528 1227 1614 templis,
1254 1551 1369 1612 quam-

337 1646 433 1708 quam
449 1622 550 1687 edicto
568 1621 743 1687 monuisset
763 1621 893 1704 nequis
915 1621 1051 1704 quietem
1074 1621 1141 1686 eius
1163 1623 1366 1708 inrumperet,

337 1737 568 1799 concursusque
587 1714 813 1801 oppidanorum
831 1715 984 1800 disposito
1001 1715 1098 1780 milite
1115 1715 1366 1800 prohiberentur,

336 1831 466 1896 perosus
493 1818 598 1875 tumen
619 1808 794 1893 municipia
807 1817 843 1874 et
865 1808 1002 1874 colonias
1024 1809 1189 1893 omniaque
1210 1809 1244 1873 in
1265 1810 1368 1874 conti-

336 1905 423 1970 nenti
445 1904 518 1982 sita,
543 1901 682 1988 Capreas
706 1924 740 1968 sc
761 1902 795 1967 in
816 1902 951 1970 insulam
972 1900 1106 1982 abdidit,
1128 1902 1221 1966 trium
1243 1902 1367 1966 milium

337 1999 418 2064 freto
436 1997 476 2064 ab
494 1997 641 2064 extremis
661 1995 838 2062 Surrentini
859 1995 1061 2080 promontorii
1082 1995 1261 2062 diiunctam.
1291 1997 1367 2062 soli-

337 2093 478 2162 tudinem
499 2091 566 2157 eius
588 2091 744 2177 placuisse
770 2090 905 2156 maxime
928 2087 1124 2167 crediderim,
1152 2089 1302 2172 quoniam
1318 2090 1367 2154 in-

336 2196 522 2273 portuosum
539 2186 622 2250 circa
638 2205 734 2262 mare,
753 2192 784 2249 et
801 2183 855 2248 vix
872 2179 1003 2248 modicis
1017 2183 1152 2270 navigiis
1168 2204 1272 2268 pauca
1290 2183 1367 2250 sub-

338 2280 430 2345 sidia:
453 2299 555 2361 neque
573 2277 727 2362 adpulerit
744 2277 911 2361 quisquam
927 2276 989 2354 nisi
1006 2298 1105 2362 gnaro
1123 2275 1261 2342 custode.
1283 2277 1367 2342 caeli

337 2372 502 2456 temperies
528 2371 631 2434 hieme
653 2371 737 2435 mitis
760 2370 886 2436 obiectu
907 2370 1036 2448 montis,
1061 2392 1125 2454 quo
1143 2391 1237 2436 saera
1254 2379 1366 2436 vento-

335 2487 407 2532 rum
420 2464 577 2542 arcentu'r3
596 2473 699 2528 aestas
713 2464 746 2528 in
758 2463 921 2530 favonium
933 2463 1067 2538 obversa
1080 2474 1112 2530 ct
1124 2472 1231 2549 aperto
1245 2463 1365 2528 circum

335 2557 449 2642 pelago
466 2579 668 2642 peramoena3
690 2557 972 2644 prospectabatque
989 2557 1232 2643 pulcherrimum
1249 2557 1364 2636 sinum,

336 2659 503 2734 antequam
521 2647 681 2716 Vesuvius
704 2672 795 2716 mous
813 2651 980 2716 ardescens
1003 2650 1116 2717 taciem
1137 2651 1198 2716 loci
1218 2660 1363 2716 verteret

337 2741 476 2810 Graecos
494 2766 532 2810 ea
549 2743 689 2809 tenuisse
708 2742 911 2830 Capreasque
929 2743 1076 2811 Telebois
1098 2742 1253 2812 habitatas
1276 2744 1366 2810 fama

335 2838 428 2906 tradit
433 2863 442 2917 ;
466 2837 523 2904 sed
540 2846 607 2904 tum
626 2837 772 2905 Tiberius
790 2838 956 2906 duodecim
973 2839 1117 2906 villarum
1133 2837 1314 2906 nominibus
1333 2852 1364 2904 et

334 2931 470 2998 molibus
484 2932 649 3011 insederat,
669 2941 786 3017 quanto
798 2932 935 2998 intentus
954 2932 1028 2998 olim
1040 2931 1183 3018 publicas
1201 2933 1243 2997 ad
1260 2954 1362 3011 curas,

336 3036 422 3094 tanto
440 3027 589 3094 occultior
606 3027 749 3092 inluxus
768 3036 799 3092 et
815 3026 933 3092 malum
947 3019 1050 3092 *otium
1066 3026 1237 3094 resolutus:
1255 3049 1364 3094 mane-

335 3122 390 3188 bat
407 3122 523 3208 quippe
537 3122 749 3208 suspicionum
767 3130 799 3187 et
816 3121 961 3188 credendi
979 3121 1145 3199 temeritas,
1164 3143 1259 3205 quam
1274 3118 1364 3186 Seia-

336 3239 396 3280 nus
414 3239 529 3303 augere
548 3216 642 3281 etiam
658 3216 691 3280 in
709 3215 786 3281 urbe
805 3226 912 3282 suetus
935 3215 1037 3281 acrius
1055 3214 1200 3280 turbabat
1217 3236 1282 3281 uon
1299 3215 1363 3279 iam

291 3357 293 3360 -
335 3309 465 3374 occultis
488 3310 655 3374 adversum
672 3309 883 3395 Agrippinam
905 3319 936 3376 et
952 3309 1111 3374 Neronem
1132 3309 1268 3386 insidiis3
1290 3308 1363 3393 quis

335 3400 459 3464 additus
482 3401 572 3464 miles
594 3403 736 3478 nuntios,
759 3404 917 3481 introitus,
945 3413 1066 3489 aperta,
1090 3411 1209 3469 secreta
1226 3402 1363 3467 velutin

335 3491 462 3556 annales
480 3492 644 3571 referebat,
663 3494 1024 3578 ultroquestruebantur
1041 3498 1095 3582 qui
1112 3505 1276 3562 monerent
1292 3519 1364 3582 per-

336 3586 445 3673 fugere
467 3587 508 3652 ad
527 3583 716 3653 Germaniae
738 3590 893 3658 exercitus
915 3591 967 3656 vel
988 3591 1188 3658 celeberrimo
1211 3590 1273 3656 fori
1295 3590 1364 3656 effi·

287 3759 288 3764 ¹
334 3682 418 3770 giem
436 3681 501 3747 divi
513 3680 655 3768 Augusti
672 3682 818 3769 amplecti
830 3685 1043 3770 populumque
1061 3707 1099 3752 ac
1117 3693 1261 3750 senatum
1274 3685 1363 3750 auxi-

334 3778 377 3850 lio
398 3778 524 3856 vocar'e,
552 3798 651 3862 eaque
674 3787 779 3866 spreta
796 3777 837 3845 ab
859 3779 935 3860 illis,
958 3781 1043 3846 velut
1060 3787 1220 3865 pararent,
1247 3778 1364 3844 obicie-

334 3874 457 3942 bantur.
1065 3876 1070 3886 '

285 3985 317 4033 68
398 3970 484 4036 Iamo
508 3967 623 4037 Sumo
646 3977 677 4034 et
696 3965 781 4036 Simo
803 3967 912 4036 Nnnvn
933 3969 1115 4036 consulibus
1138 3967 1267 4034 foedum
1288 3966 1362 4031 anni

334 4063 521 4149 principium
538 4064 666 4130 incessit
678 4073 786 4130 tracto
803 4063 836 4130 in
857 4085 1012 4130 carcerem
1033 4057 1158 4130 inlustri
1175 4061 1278 4146 equite
1295 4059 1362 4124 Ro·

335 4177 437 4233 mano,
457 4157 541 4222 Titio
556 4155 685 4237 Sabino,
704 4159 745 4224 ob
764 4159 931 4227 amicitiam
946 4157 1140 4226 Germanici:
1159 4155 1360 4241 nequeenim
