2960 4962
331 449 393 514 150
682 453 866 513 CORNELII
878 453 1009 510 TACITI

684 588 689 598 ,
1251 550 1363 590 aarsr.

328 619 467 684 turiones
480 614 682 690 cecidissent3
699 635 775 677 mox
787 621 983 698 compertum
995 611 1204 708 altrnnsfugis
1217 636 1363 702 nongen-

328 725 378 778 tos
395 711 611 776 Romanorum
632 707 718 793 apud
738 706 858 784 lucum,
881 727 976 789 quem
997 705 1213 772 Baduhennae
1235 710 1361 788 vocant,

327 789 436 893 pu'gns
452 805 486 868 in
502 811 664 889 poaerum
685 810 825 865 extrem
845 799 1020 876 commas,
1043 809 1075 864 et
1096 800 1190 866 aliam
1211 803 1361 885 quadrin-

328 909 494 986 gentorum
515 918 644 961 manum
665 903 817 979 occupata
839 891 1034 979 Cruptoricis
1055 894 1214 978 quondam
1242 895 1361 981 stipen-

328 994 419 1058 diarii
434 991 525 1068 villa,
541 999 710 1076 postquam
726 987 861 1073 proditio
878 984 1090 1066 metuebatur,
1107 989 1225 1054 mutuis
1243 989 1360 1056 ictibus

327 1085 545 1174 procubuisse„

278 1205 310 1250 rr
392 1179 524 1246 Clarum
548 1177 622 1242 iude
643 1177 725 1242 iuter
747 1172 923 1254 Germanos
945 1176 1084 1242 FrIsium
1108 1197 1237 1256 nomeu,
1266 1178 1361 1245 dissi·

327 1275 466 1340 mutante
483 1271 612 1337 Trberio
630 1269 754 1346 damna,
771 1291 812 1332 uc
830 1269 881 1333 cni
898 1268 1014 1334 bellum
1031 1271 1237 1356 permitteret3
1255 1279 1360 1356 nequ'e

322 1377 456 1433 senatus
473 1367 507 1431 in
529 1387 568 1430 eo
589 1386 679 1442 cura,
701 1387 744 1429 arr
759 1364 884 1448 imperii
904 1373 1043 1429 extrema
1064 1364 1359 1432 dehonestarentur:

326 1484 426 1546 pavor
442 1461 584 1524 internus
601 1467 810 1542 occupaverat
827 1457 962 1535 animos,
985 1458 1037 1523 oui
1057 1459 1231 1525 remedium
1249 1461 1359 1526 adula-

326 1555 411 1618 tione
435 1551 658 1636 quaerebatur3
687 1551 734 1615 ita
757 1572 949 1634 quamquam
978 1551 1112 1617 diversis
1142 1575 1237 1638 super
1261 1553 1357 1620 rebus

326 1645 574 1722 consulerentur,
601 1667 688 1708 aram
709 1644 908 1724 clementiae,
934 1669 1021 1710 aram
1042 1647 1197 1712 amicitiae
1218 1647 1359 1734 effigies-

325 1761 387 1823 que
409 1740 528 1804 ciroum
545 1737 695 1804 Caesaris
717 1760 756 1803 ae
773 1737 883 1804 Seiani
899 1761 1064 1817 censuere,
1086 1739 1265 1825 crebrisque
1286 1765 1359 1828 pre-

326 1834 416 1900 cibus
437 1833 667 1920 efflagitabant,
690 1834 813 1900 visendi
835 1835 885 1899 sui
906 1835 1029 1921 copiam
1050 1835 1198 1902 facerent
1225 1860 1291 1902 non
1313 1839 1359 1902 illi

325 1940 432 1994 tamen
453 1929 486 1993 in
502 1928 614 1994 urbem
636 1938 691 1993 aut
710 1929 888 2014 propinqua
908 1926 980 1996 urbi
1000 1929 1143 2015 degressi
1165 1940 1252 1995 sunt:
1280 1933 1357 1997 satis

325 2023 431 2088 visum
447 2023 592 2089 omittere
613 2022 749 2088 insulam
767 2032 799 2086 et
820 2023 854 2087 in
870 2023 1013 2109 proximo
1030 2022 1225 2109 Campaniae
1242 2026 1357 2111 aspici3

315 2140 365 2183 eo
386 2119 493 2183 venire
513 2127 633 2203 patres,
660 2138 771 2200 eques,
798 2140 915 2203 magna
934 2139 1009 2202 pars
1030 2117 1147 2202 plebis,
1174 2119 1260 2183 anxii
1282 2142 1359 2208 erga

328 2210 496 2290 Seianum,
512 2212 602 2278 ardus
620 2211 727 2276 durior
743 2233 945 2297 congressus,
963 2221 1058 2294 atque
1075 2233 1113 2277 eo
1129 2233 1187 2297 per
1203 2210 1357 2278 ambitum

327 2315 359 2369 et
376 2307 524 2370 societate
540 2305 741 2370 consiliorum
753 2305 931 2390 parabatur.
955 2306 1031 2371 satis
1049 2306 1214 2371 constabat
1231 2316 1357 2372 auctam

327 2399 590 2484 eiadrogautiam
610 2399 740 2465 foedum
760 2395 840 2480 illud
855 2401 889 2464 in
912 2401 1078 2486 propatulo
1100 2401 1262 2466 servitium
1284 2425 1357 2488 spe-

279 2511 284 2522 ·
327 2492 438 2569 etanti3
456 2491 573 2578 quippe
590 2493 713 2559 Romae
731 2495 812 2559 sueti
829 2495 1004 2572 discursus,
1023 2503 1055 2559 et
1071 2495 1287 2582 magnitudine
1304 2519 1357 2562 ur-

326 2586 376 2651 bis
389 2586 552 2663 incertum,
570 2588 655 2669 quod
668 2588 803 2671 quisque
816 2589 858 2653 ad
870 2589 1031 2675 negotium
1043 2599 1169 2676 pergat:
1186 2589 1231 2656 ibi
1243 2609 1356 2676 campo

325 2688 380 2745 aut
395 2679 485 2744 litore
502 2679 640 2745 iacentes
657 2681 744 2746 nullo
762 2682 950 2760 discrimine,
968 2694 1094 2749 noctem
1111 2707 1148 2748 ac
1167 2685 1250 2749 diem
1267 2685 1357 2750 iuxta

324 2773 458 2860 gratiam
483 2783 539 2839 aut
568 2775 671 2841 fastus
701 2776 869 2842 ianitorum
899 2776 1165 2863 perpetiebantur,
1196 2779 1298 2844 donec
1324 2780 1357 2843 id

325 2889 447 2954 qaoque
468 2869 614 2949 vetitum3
637 2879 669 2935 et
689 2893 837 2936 revenere
858 2872 892 2937 in
909 2871 1019 2938 urbem
1040 2873 1167 2959 trepidi,
1189 2895 1270 2958 quos
1292 2897 1356 2939 uon

325 2985 481 3042 sermone,
508 2988 572 3030 nou
594 2965 664 3030 visu
689 2966 838 3052 dignatus
864 2977 943 3044 erat3
969 2967 1098 3050 quidam
1120 2967 1202 3032 male
1225 2968 1355 3046 alacres,

323 3060 438 3144 quibus
456 3061 613 3128 infaustae
630 3063 785 3128 amicitiae
801 3063 916 3150 gravis-
926 3063 1028 3128 exitus
1045 3063 1237 3130 imminebat

275 3173 306 3220 75
390 3153 540 3220 Ceterum
553 3156 700 3222 Tiberius
718 3166 844 3242 neptem
856 3156 1076 3243 Agrippinam,
1096 3154 1289 3224 Germanico
1307 3181 1356 3223 or-

324 3258 403 3326 tam,
426 3272 499 3318 eunr
522 3272 628 3315 coram
650 3249 711 3315 Cn.
734 3249 876 3316 Domitio
898 3251 1090 3329 tradidisset,
1117 3252 1151 3316 in
1172 3251 1250 3318 urbe
1274 3252 1355 3317 cele-

279 3413 282 3418 ,
323 3340 407 3404 brari
423 3342 550 3426 nuptias
567 3343 674 3422 iussit3
695 3343 729 3408 in
745 3343 889 3428 Domitio
906 3367 1002 3430 super
1022 3354 1211 3410 vetustatem
1228 3346 1354 3432 generis

322 3432 533 3516 propinquum
544 3433 734 3501 Caesaribus
749 3437 934 3522 sauguinem
943 3439 1116 3525 delegerat3
1129 3463 1203 3504 narn
1211 3439 1240 3504 is
1249 3440 1354 3504 aviam

325 3522 492 3589 Octaviam
510 3535 542 3590 et
558 3541 615 3612 per·
632 3551 702 3594 eam
719 3528 904 3616 Augustum
921 3533 1111 3599 avunculum
1128 3533 1337 3621 praeferebat

735 3843 942 3856 m
