3042 4956
329 433 393 500 252
681 439 863 499 CORNELII
877 437 1007 496 raom

1250 541 1270 571 a
1281 541 1304 572 a.
1315 533 1365 573 811.

328 604 412 669 enim
428 601 557 666 ludicris
574 599 676 685 ignari
697 597 933 664 oblectabantur
950 635 991 645 —
1010 598 1085 663 dum
1103 619 1291 664 consessum
1311 623 1367 665 ca-

328 719 420 774 veae,
442 694 622 760 discrimina
643 693 802 768 ordinum,
829 693 899 776 quis
923 715 1032 776 eques,
1059 690 1115 757 ubi
1137 703 1266 759 senatus
1289 716 1367 780 per-

329 799 503 866 contantur,
520 789 680 852 advertere
694 787 847 870 quosdam
866 786 951 852 cultu
964 796 1092 852 externo
1108 787 1143 851 in
1161 787 1292 852 sedibus
1312 811 1366 854 se-

328 895 486 960 natorum3
500 891 531 946 et
543 881 670 965 quinam
683 879 786 945 forent
798 881 978 966 rogitantes,
992 890 1160 965 postquam
1174 881 1366 946 audiverant

329 1001 436 1044 earum
457 977 597 1064 gentium
614 974 726 1059 legatis
743 974 777 1037 id
798 974 924 1038 honoris
942 975 1064 1052 datum,
1087 997 1169 1058 quae
1191 975 1310 1040 virtute
1330 988 1364 1040 et

328 1072 465 1136 amicitia
477 1071 620 1134 Romana
632 1068 863 1153 praecellerent,
882 1067 984 1132 nullos
1003 1068 1180 1133 mortalium
1194 1069 1290 1134 armis
1305 1080 1363 1134 aut

328 1167 391 1230 lide
413 1175 485 1230 ante
508 1162 684 1229 Germanos
707 1185 778 1227 csse
800 1162 990 1239 exclamant,
1017 1163 1306 1248 degrediunturque
1329 1177 1362 1228 et

328 1261 521 1344 interpatres
534 1257 711 1322 considunt.
729 1256 816 1339 quod
827 1256 957 1321 comiter
969 1255 1169 1321 avisentibus
1179 1267 1359 1343 exceptum,

328 1353 420 1437 quasi
437 1353 572 1437 impetus
590 1350 711 1434 antiqui
728 1359 759 1414 et
776 1349 859 1414 bona
880 1349 1101 1428 aemulatione3
1123 1349 1209 1414 Nero
1231 1351 1360 1416 civitate

330 1448 473 1512 Romana
482 1443 592 1510 ambos
605 1443 743 1520 donavit,
756 1443 877 1509 Frisios
890 1444 1040 1508 decedere
1049 1443 1132 1529 agris
1140 1443 1243 1508 iussit
1264 1454 1360 1529 atque

330 1541 391 1604 illis
404 1536 641 1623 aspernantibus
655 1536 814 1602 auxiliaris
828 1559 924 1621 eques
938 1546 1064 1622 repente
1077 1537 1239 1603 immissus
1249 1561 1360 1604 neees-

327 1635 451 1699 sitatem
468 1631 585 1707 attulit,
609 1630 709 1715 captis
727 1630 868 1696 caesisve
886 1630 941 1714 qui
957 1631 1150 1716 pervicacius
1168 1632 1356 1700 restiterant.

278 1751 310 1799 55
389 1725 532 1790 Eosdem
557 1746 651 1810 agros
673 1722 869 1808 Ampsivarii
890 1747 1096 1810 occupavere,
1123 1725 1256 1790 validior
1278 1748 1358 1812 gens

327 1843 391 1886 non
407 1819 502 1884 medo
520 1841 579 1883 sua
595 1817 700 1902 copia,
724 1818 781 1882 sed
798 1819 1007 1883 adiacentium
1023 1819 1209 1905 populorum
1227 1819 1359 1884 misera·

327 1917 425 1992 tiene,
443 1913 518 1997 quia
533 1911 618 1997 pulsi
634 1935 654 1976 a
672 1911 811 1976 Chaucis
829 1921 861 1976 et
878 1913 962 1977 sedis
980 1913 1088 1998 inopes
1108 1922 1208 1977 tutum
1227 1913 1357 1978 exilium

328 2008 468 2084 orabant,
485 2007 654 2090 meatque
667 2005 706 2070 iis
720 2005 822 2070 clarus
838 2028 895 2091 per
910 2006 981 2071 illas
995 2016 1105 2093 gentes
1125 2015 1156 2070 et
1172 2005 1264 2071 nobis
1279 2029 1358 2090 quo-

328 2125 390 2187 que
407 2101 505 2177 lidus,
528 2100 653 2164 nomine
670 2099 853 2177 Boiocalus,
875 2099 1015 2164 vinctum
1033 2122 1068 2165 se
1084 2098 1252 2166 rebellione
1273 2099 1358 2166 Che-

327 2218 420 2260 rusca
444 2195 535 2260 iussu
555 2192 693 2258 Arminii
717 2193 869 2270 referens,
896 2215 972 2257 mox
997 2193 1137 2272 Tiberio,
1166 2191 1357 2259 Germanico

328 2289 461 2354 ducibus
480 2288 635 2372 stipendia
652 2287 818 2364 meruisse,
837 2296 868 2352 et
884 2287 1111 2374 quinquaginta
1128 2311 1282 2353 annorum
1300 2288 1357 2354 ob-

328 2385 438 2467 sequio
458 2383 492 2446 id
513 2403 638 2466 quoque
660 2383 844 2468 adiungere,
872 2382 957 2465 quod
977 2392 1104 2469 gentem
1127 2406 1217 2448 suam
1239 2382 1357 2448 dicioni

326 2489 451 2542 nostrae
477 2476 642 2541 subiceret
672 2498 736 2558 quo
763 2486 881 2540 tantam
904 2485 1026 2561 partem
1052 2477 1154 2561 campi
1180 2478 1295 2555 iacere,
1321 2479 1357 2542 in

326 2593 421 2654 quam
437 2591 552 2654 pecora
569 2581 601 2633 et
618 2579 758 2634 armenta
774 2572 907 2635 militum
926 2572 1092 2655 aliquando
1110 2573 1357 2638 transmitteren-

277 2729 282 2736 ,
326 2663 390 2727 tur!
413 2673 573 2727 servarent
595 2685 671 2728 sane
692 2673 836 2750 receptus
858 2665 1008 2752 gregibus
1026 2667 1106 2731 inter
1127 2663 1289 2732 hominum
1307 2667 1357 2732 fa-

325 2780 424 2836 mem,
450 2757 544 2822 modo
566 2779 606 2822 ne
628 2757 807 2822 vastitatem
828 2768 859 2824 et
882 2760 1081 2825 solitudinem
1105 2756 1233 2825 mallent
1258 2783 1355 2844 quam

326 2852 443 2918 amieos
456 2851 600 2938 populos.
624 2851 858 2918 Chamavorum
875 2855 1034 2937 quendam
1047 2877 1085 2920 ea
1098 2878 1181 2932 arva,
1201 2878 1275 2921 mox
1288 2855 1355 2920 Tu-

326 2945 457 3014 bantum
478 2957 510 3012 et
529 2957 604 3032 post
622 2945 794 3032 Usiporum
812 2947 920 3012 fuisse.
948 2947 1041 3012 sicuti
1062 2949 1183 3014 caelum
1205 2950 1287 3026 deis,
1310 2950 1355 3014 ita

326 3051 425 3108 terras
446 3041 554 3130 generi
571 3042 750 3108 mortalium
771 3042 876 3119 datas3
898 3063 1041 3126 quaeque
1063 3065 1195 3120 vacuae,
1218 3065 1272 3109 eas
1294 3066 1354 3129 pu-

326 3136 425 3204 blicas
448 3160 528 3203 esse.
555 3137 655 3202 solem
676 3137 788 3202 deinde
810 3136 981 3222 suspiciens
1004 3147 1036 3201 et
1056 3147 1160 3202 cetera
1177 3138 1280 3202 sidera
1296 3161 1354 3202 vo-

326 3254 416 3308 caus,
439 3233 529 3316 quasi
551 3254 655 3296 eoram
673 3231 897 3317 interrogabat,
920 3231 1075 3296 vellentne
1097 3231 1237 3298 contueri
1258 3232 1353 3297 inane

326 3325 447 3388 selum?
462 3325 567 3408 potius
584 3347 670 3388 mare
685 3325 945 3410 superfunderent
957 3326 1108 3390 adversus
1122 3333 1272 3390 terrarum
1286 3347 1354 3390 erc·

275 3437 308 3486 ss
324 3423 438 3499 ptores.
466 3425 497 3480 et
519 3426 693 3481 commotus
715 3418 765 3482 his
787 3415 918 3484 Avitus:
941 3419 1088 3504 patienda
1108 3417 1271 3485 meliorum
1294 3419 1353 3484 im·

324 3507 424 3594 peria;
442 3508 476 3573 id
491 3508 541 3572 dis
559 3529 638 3590 ques
651 3509 841 3593 inplorarent
853 3511 1013 3596 placitum,
1031 3522 1068 3578 ut
1080 3511 1240 3578 arbitrium
1253 3534 1351 3598 penes

324 3604 484 3670 &manos
494 3610 641 3680 maneret,
656 3603 733 3686 quid
746 3604 864 3681 darem,
878 3606 955 3689 quid
967 3607 1147 3684 adimerent,
1161 3628 1264 3690 neque
1273 3605 1350 3672 alios

324 3698 444 3764 iudices
462 3719 557 3784 quam
575 3719 609 3763 se
626 3697 714 3784 ipsos
731 3705 920 3784 paterentur.
947 3700 1026 3766 haee
1044 3701 1077 3766 in
1093 3699 1253 3786 publicum
1270 3697 1352 3764 Am-

324 3793 469 3880 psivariis
490 3792 665 3878 respondit,
688 3792 749 3879 ipsi
765 3792 916 3858 Boiocalo
933 3793 973 3859 ob
991 3795 1174 3860 memoriam
1196 3793 1350 3858 amicitiae

325 3889 471 3954 daturum
488 3910 596 3974 agr0s3
618 3889 704 3972 qued
724 3888 776 3953 ille
793 3897 828 3952 ut
845 3888 1028 3972 proditionis
1051 3889 1185 3974 pretium
1203 3909 1350 3972 asperna-

325 3994 390 4061 tus,
414 3985 533 4050 addidit
556 3983 686 4063 „deesse
709 3983 800 4050 nobis
819 3985 950 4048 terrain
971 3983 1082 4047 vitam:
1104 3983 1137 4046 in
1158 4005 1221 4065 qua
1238 3981 1350 4046 moria-

325 4101 409 4154 mur,
436 4100 499 4142 non
528 4084 666 4162 potest.“
702 4088 797 4162 atque
826 4078 869 4142 ita
898 4076 1029 4142 infensis
1056 4076 1211 4159 utrimque
1237 4073 1348 4140 animis

325 4169 515 4236 discessum:
533 4171 578 4234 illi
595 4171 779 4249 Bructeros,
799 4171 984 4250 Tencteros,
1002 4170 1164 4236 ulteriores
1183 4169 1276 4234 ctiam
1293 4191 1349 4233 na·
