3020 4958
418 453 639 512 -ANNALIUM
653 455 726 509 LIB.
736 455 816 512 xvl.
834 456 953 512 13-17.
1138 447 1201 512 323

133 573 142 594 .
174 547 291 598 racheli.

173 615 331 701 Scapulae
342 612 516 698 composita
528 621 625 689 erant,
640 611 748 677 scribit
756 613 797 677 ad
810 613 982 698 principem
996 637 1111 701 magna
1124 639 1158 682 se
1171 627 1203 682 et

171 731 254 793 quae
271 707 480 773 incolumitati
497 706 565 770 eius
584 706 793 770 conducerent
810 707 1002 785 adlaturum,
1029 709 1056 773 si
1073 709 1201 775 brevem

171 804 257 868 exilii
266 802 392 867 veniam
401 800 635 887 inpetravisset:
654 799 1203 886 quippeApteiumetOstoriumim-

170 900 291 963 minere
305 897 399 964 rebus
414 905 445 960 et
459 918 517 960 sua
527 893 736 978 Caesarisque
750 894 816 959 fata
830 895 970 960 scrutari.
989 895 1073 960 exim
1086 897 1201 962 missae

170 991 354 1068 liburnicae,
374 988 600 1072 advehiturque
612 1009 743 1098 propere
755 987 923 1066 Sosianns3
942 1011 979 1054 ac
992 989 1121 1075 vulgato
1134 990 1200 1054 eius

170 1086 348 1150 indicio’t
301 1110 335 1149 1n
336 1094 383 1149 ter
392 1085 555 1148 damnatos
570 1083 671 1168 magis
682 1104 777 1166 quam
790 1082 870 1147 mter
877 1106 948 1148 reos
958 1082 1093 1149 Anteius
1104 1081 1202 1150 Osto-

170 1181 300 1264 riusque
319 1177 523 1254 habebantur,
543 1177 621 1241 adeo
638 1186 674 1240 ut
691 1186 912 1242 testamentum
925 1177 1027 1243 Antei
1040 1200 1133 1243 nemo
1146 1178 1201 1244 ob-

172 1275 321 1360 signaret,
340 1295 401 1337 n1s1
391 1271 585 1357 Trgellmus
604 1280 677 1335 auct
678 1293 714 1336 or
730 1270 886 1336 extitisset
902 1273 1018 1337 monito
1036 1295 1123 1358 pnus
1132 1271 1201 1336 An

171 1369 233 1432 teio
252 1389 292 1431 ne
312 1374 505 1450 supremast
492 1364 616 1430 tabulas
634 1373 854 1430 moraretura
835 1374 929 1449 atque
946 1365 998 1430 ille
1016 1365 1129 1430 hausto
1147 1388 1202 1430 ve·

170 1485 263 1540 neno,
282 1462 410 1526 tarditat
398 1469 461 1525 tem
480 1460 547 1524 eius
566 1481 697 1545 perosus
717 1459 871 1526 intercisis
889 1460 978 1540 venis
997 1470 1077 1526 mort
1078 1483 1128 1526 em
1146 1461 1201 1526 ad

170 1556 359 1642 properavit.

236 1648 300 1716 Ost
287 1650 386 1715 torius
404 1649 616 1735 longinquis'
606 1671 639 1714 (υ
661 1649 745 1734 agris
769 1651 854 1735 apud
874 1649 970 1716 finem
987 1649 1144 1736 Ligurum
1167 1649 1200 1714 id
1220 1660 1251 1708 15

170 1745 321 1829 temporis
340 1753 415 1808 erat.
435 1766 472 1809 eo
490 1743 607 1808 missus
626 1743 775 1822 centurio,
794 1745 848 1828 qui
867 1746 996 1810 caedem
1013 1745 1081 1809 eius
1099 1753 1202 1808 matu·

169 1849 262 1903 raret.
281 1860 377 1902 eausa
390 1836 560 1902 festinandi
574 1859 615 1901 ex
628 1858 666 1902 eo
680 1836 838 1902 oriebatur
846 1837 931 1922 quod
942 1835 1089 1903 Ostorius
1103 1835 1202 1900 multa

170 1932 299 1996 militari
316 1932 402 1996 fama
425 1940 457 1996 et
474 1931 606 1996 civicam
624 1953 773 1997 coronam
794 1931 879 2016 apud
896 1931 1092 1995 Britanniam
1109 1931 1202 1994 meri-

170 2036 232 2103 tus,
259 2024 380 2111 ingenti
402 2026 540 2110 corporis
563 2027 670 2091 robore
692 2047 912 2108 armorumque
935 2024 1064 2088 scientia
1082 2032 1200 2088 metum

169 2120 289 2184 Neroni
311 2120 427 2184 fecerat
448 2142 489 2186 ne
511 2120 673 2184 invaderet
698 2120 848 2205 pavidum
876 2139 1000 2202 semper
1022 2126 1053 2181 et
1078 2127 1202 2201 reperta

169 2236 271 2297 nuper
289 2214 500 2279 coniuratione
517 2214 619 2300 magis
638 2214 829 2280 exterritum.
856 2214 952 2300 igitur
969 2210 1123 2287 centurio,
1146 2210 1201 2276 ubi

171 2307 291 2392 effugia
308 2307 400 2372 villae
419 2307 544 2384 clausit,
564 2308 652 2373 iussa
672 2307 868 2393 imperatoris
889 2306 1018 2373 Ostorio
1041 2305 1149 2390 aperit.
1172 2303 1200 2369 is

170 2401 386 2466 fortitudinem
404 2423 498 2486 saepe
512 2402 679 2467 adversum
693 2402 799 2467 hostes
814 2410 987 2487 spectatam
1000 2400 1033 2464 in
1047 2421 1081 2464 se
1094 2398 1200 2476 vertit3

171 2505 202 2559 et
220 2496 295 2578 quia
313 2517 427 2574 venae,
454 2517 645 2580 quamquam
668 2496 872 2582 interruptae,
904 2518 1016 2580 parum
1039 2493 1200 2580 sanguinis

171 2590 384 2668 effundebant,
404 2591 555 2656 hactenus
573 2613 670 2656 manu
688 2590 770 2656 servi
783 2614 861 2657 usus
875 2601 911 2656 ut
923 2591 1076 2656 inmotum
1090 2588 1202 2675 pugio-

171 2706 243 2748 nem
262 2685 433 2762 extolleret,
452 2685 610 2770 adpressit
627 2685 769 2750 dextram
787 2686 854 2751 eius
872 2685 1044 2771 iuguloque
1058 2683 1200 2748 occurrit.

235 2778 344 2842 Etiam
363 2778 390 2843 si
407 2778 491 2844 bella
508 2787 637 2844 externa
655 2789 686 2844 et
703 2778 805 2845 obitas
822 2802 879 2864 pro
897 2778 1072 2864 republica
1084 2786 1200 2842 mortes
1222 2796 1252 2842 16

172 2881 259 2936 tanta
273 2893 403 2936 casuum
413 2872 616 2938 similitudine
629 2895 845 2949 memorarem,
864 2894 976 2955 meque
990 2872 1095 2954 ipsum
1105 2871 1200 2935 satias

172 2965 308 3049 cepisset
317 2965 512 3049 aliorumque
521 2965 659 3030 taedium
669 2975 876 3051 expectarem,
894 2964 1038 3047 quamvis
1052 2964 1201 3028 honestos

172 3059 289 3123 civium
303 3060 415 3137 exitus,
435 3061 539 3126 tristes
553 3069 658 3124 tamen
676 3069 706 3125 et
720 3059 884 3124 continuos
903 3056 1151 3145 aspernantium:
1170 3067 1202 3119 at

172 3175 257 3218 nunc
274 3154 424 3238 patientia
437 3154 559 3219 servilis
573 3162 757 3236 tantumque
772 3150 933 3238 sanguinis
948 3149 1033 3214 domi
1045 3149 1202 3234 perditum

172 3247 307 3332 fatigant
325 3247 464 3311 animum
483 3257 514 3312 et
531 3247 688 3311 maestitia
700 3246 907 3331 restringtmt3
925 3265 1027 3326 neque
1041 3242 1134 3306 aliam
1148 3241 1203 3306 de-

172 3339 348 3404 fensionem
366 3340 462 3406 abiis
480 3341 594 3425 quibus
612 3341 674 3405 ista
686 3350 854 3405 noscentur
867 3337 1036 3424 exegerim,
1054 3359 1149 3421 quam
1162 3358 1202 3400 ne

172 3432 293 3498 oderim
315 3443 380 3498 tam
407 3435 545 3521 segniter
566 3443 747 3520 pereuntes:
774 3433 821 3499 ira
842 3433 895 3498 illa
911 3432 1075 3498 numinum
1097 3432 1130 3496 in
1151 3441 1201 3496 res

172 3530 333 3595 Romanas
351 3530 425 3608 suit,
452 3553 549 3615 quam
567 3553 645 3608 non,
672 3541 707 3594 ut
729 3531 761 3594 in
779 3529 921 3595 cladibus
939 3529 1132 3594 exercituum
1149 3537 1203 3592 aut

173 3624 353 3709 captivitate
376 3624 514 3733 urbium,
543 3625 640 3690 semel
662 3625 746 3690 edito
769 3624 901 3689 transire
922 3623 1005 3686 licet.
1032 3623 1123 3685 detur
1142 3619 1203 3682 hoc

172 3718 387 3782 illustrium'
357 3741 495 3784 vrrorum
512 3718 696 3804 posteritati,
715 3728 751 3782 ut
768 3716 925 3801 quomodo
944 3714 1084 3796 exequiis
1099 3735 1118 3775 a
1132 3732 1203 3794 pro-

173 3811 295 3876 miscua
313 3813 474 3897 sepultura
492 3821 684 3918 separantur,
703 3811 793 3874 itam
807 3808 971 3872 traditione
986 3825 1202 3890 supremorum

173 3904 329 3990 accipiant
345 3906 483 3972 habeant
470 3916 544 3989 tque
561 3904 718 3990 propriam
736 3897 927 3966 memoriam.
1299 3981 1303 3988 Ι

236 3999 362 4065 Paucos
372 4000 489 4086 quippe
498 4001 580 4064 intra
593 3999 660 4062 dies
675 3997 787 4062 eodem
801 3993 926 4081 agmine
936 3991 1089 4056 Annaeus
1103 3989 1200 4067 Mela,
1222 4011 1251 4057 17

175 4091 309 4160 Cerialis
323 4092 468 4171 Anicius,
483 4093 595 4159 Rufius
612 4090 788 4176 Crispinus,
809 4086 875 4174 [ac]
895 4090 930 4151 T.
939 4084 1108 4151 Petronius
1122 4083 1203 4150 ceci-

174 4189 258 4267 dere,
272 4187 362 4292 Mela
375 4197 407 4253 et
417 4188 583 4274 Crispinus
593 4184 678 4270 equit
679 4208 713 4250 es
666 4182 858 4250 tRomani
867 4180 1019 4267 dignitate
1033 4179 1201 4257 senatoria3

967 4287 1029 4348 21*
