2958 4960
318 433 359 498 72
669 435 851 494 coannnn
865 433 996 490 rnorn

1236 537 1256 566 Ι.
1267 537 1288 567 u.
1301 529 1357 568 772.

319 602 380 670 sibi
396 597 540 676 insidias,
562 609 767 683 praeventum
788 593 1015 671 insidiatorem
1038 593 1132 658 simul
1153 593 1274 659 bellum
1291 596 1359 660 ad·
1443 600 1444 664 l

316 718 426 764 versus
447 693 618 758 Basternas
638 687 836 774 Scythasque
857 687 1064 770 praetendens
1087 688 1178 753 novis
1200 689 1352 774 peditum
1444 700 1445 746 l

317 800 348 856 et
369 789 510 874 equiturn
532 783 630 871 copiis
657 804 727 848 sese
749 780 902 846 firmabat.
933 779 1068 846 molliter
1087 783 1292 869 rescriptum,
1323 784 1355 848 si
1445 806 1446 854 5

317 884 403 950 fraus
421 882 560 958 abesset,
582 899 676 966 posse
694 899 767 942 eum
788 875 982 940 innocentiae
1000 875 1110 954 fidere3
1134 887 1275 942 ceterum
1292 900 1356 942 ne·
1446 910 1447 930 κ

316 1002 377 1063 que
396 1000 430 1044 se
448 997 550 1060 neque
572 981 715 1038 senatum
732 971 793 1036 nisi
814 970 940 1056 cognitu
957 992 1052 1036 causa
1074 971 1123 1036 ius
1146 981 1177 1036 et
1198 972 1353 1038 iniuriam
1447 1012 1448 1032 r

316 1075 520 1140 discreturos:
535 1068 663 1155 proinde
677 1067 790 1131 madito
800 1063 901 1149 Cotye
909 1065 1028 1130 veniret
1041 1064 1286 1150 transferretque
1300 1067 1354 1131 in·
1448 1116 1449 1120 ,

266 1189 298 1239 aa
316 1168 433 1233 vidiam
451 1163 598 1230 criminis.
626 1183 679 1226 eas
697 1159 814 1224 litteras
832 1157 979 1223 Latinius
997 1156 1160 1237 Pandusa,
1179 1181 1239 1244 pro
1256 1181 1353 1246 prae-

316 1272 382 1328 tore
390 1258 542 1335 Moesiae,
556 1279 628 1320 cum
642 1253 791 1318 militibus
801 1252 871 1337 quis
881 1250 981 1337 Cotys
996 1253 1169 1318 traderetur
1181 1253 1214 1317 in
1224 1253 1352 1319 Thrae-

316 1356 397 1420 ciam
418 1351 513 1417 misit.
544 1349 757 1433 Rhescuporis
784 1348 865 1412 inter
885 1357 1004 1411 metum
1026 1355 1057 1412 et
1078 1348 1157 1412 iram
1178 1358 1349 1414 cunctatus

316 1447 424 1512 maluit
441 1444 555 1531 patrati
572 1465 667 1528 quam
678 1441 795 1528 incepti
808 1440 955 1507 facinoris
973 1465 1045 1507 reus
1060 1463 1147 1521 esse3
1165 1443 1268 1508 occidi
1282 1443 1351 1509 Co-

316 1551 372 1626 tyn
388 1538 475 1604 iubet
493 1546 685 1620 mortemque
709 1545 819 1621 sponte
841 1544 999 1621 sumptam
1017 1537 1193 1602 ementitur.
1219 1558 1282 1602 nec
1301 1546 1350 1603 ta-

314 1655 389 1698 men
411 1631 530 1698 Caesar
554 1629 685 1716 placitas
712 1629 809 1695 semel
831 1638 913 1694 ortes
940 1629 1085 1708 mutavit,
1113 1631 1170 1695 sed
1194 1631 1349 1696 defuncto

314 1727 474 1803 Pandusa,
493 1747 587 1809 quem
600 1723 660 1790 sibi
673 1723 832 1789 infensum
844 1723 1057 1809 Rhescuporis
1071 1724 1233 1812 arguebat,
1248 1725 1349 1791 Pom-

315 1821 443 1910 ponium
455 1820 615 1898 Flaccum,
634 1828 771 1884 veterem
784 1819 947 1903 stipendiis
961 1829 991 1883 et
1009 1828 1076 1883 arta
1094 1841 1166 1884 curn
1178 1842 1254 1907 rege
1268 1822 1349 1886 ami-

316 1917 389 1983 citia
407 1937 506 2000 eoque
519 1913 831 1980 accommodatiorem
844 1912 884 1978 ad
898 1913 1079 1991 fallendum,
1098 1913 1139 1980 ob
1157 1915 1190 1978 id
1207 1915 1348 1980 maxime

316 2010 458 2078 Moesiae
475 2009 635 2096 praefecit.
1355 2065 1361 2074 .

266 2126 298 2174 ar
379 2105 514 2172 Flaccus
535 2104 569 2169 in
591 2102 776 2168 Thraeciam
798 2112 1011 2187 transgressus
1033 2123 1090 2188 per
1111 2101 1252 2188 ingentia
1273 2125 1347 2189 pro-

316 2201 415 2266 missa
432 2199 576 2283 quamvis
594 2196 778 2282 ambiguum
798 2206 829 2261 et
846 2196 965 2261 scelera
987 2219 1044 2260 sua
1061 2205 1257 2281 reputantem
1275 2219 1347 2282 per-

316 2294 396 2380 pulit
416 2302 451 2357 ut
472 2292 628 2378 praesidia
644 2291 797 2355 Romana¹
810 2291 951 2370 intraret3
974 2291 1166 2355 circumdata
1186 2289 1260 2355 hinc
1277 2292 1346 2377 regi

317 2387 421 2472 specie
438 2386 564 2450 honoris
578 2385 683 2450 valida
699 2407 811 2449 manus
825 2385 1002 2469 tribunique
1021 2397 1052 2450 et
1065 2385 1261 2450 centuriones
1278 2407 1347 2450 rno-

316 2481 433 2559 nendo,
456 2480 632 2558 suadendo,
656 2489 688 2544 et
705 2489 821 2563 quanto
843 2480 968 2567 longius
992 2478 1231 2556 abscedebatur,
1256 2502 1347 2565 aper·

318 2575 394 2639 tiore
421 2574 577 2651 custodia,
608 2583 767 2659 postremo
793 2595 927 2660 gnarum
954 2573 1150 2639 necessitatis
1175 2573 1208 2636 in
1234 2573 1346 2639 urbem

317 2678 447 2732 traxere.
470 2676 635 2732 accusatus
649 2666 683 2730 in
700 2677 812 2731 senatu
825 2666 865 2733 ab
879 2690 977 2733 uxore
992 2666 1103 2752 Cotyis
1116 2668 1292 2744 damnatur,
1310 2677 1348 2731 ut

315 2761 425 2847 procul
439 2783 540 2848 ,regno
558 2769 723 2826 teneretur.
752 2761 907 2826 Thraecia
923 2762 956 2826 in
974 2761 1218 2827 Rhoemetalcen
1234 2761 1346 2840 filium,

316 2878 411 2940 quern
428 2855 565 2941 paternis
584 2855 721 2920 consiliis
740 2855 939 2920 adversatum
957 2855 1133 2932 constabat,
1156 2856 1251 2938 inque
1269 2854 1349 2920 libe-

316 2971 368 3015 ros
387 2947 498 3036 Cotyis
521 2949 683 3028 dividitur3
706 2950 807 3034 iisque
828 2948 970 3015 nondum
991 2950 1105 3015 adultis
1129 2949 1348 3014 Trebellianus

317 3043 422 3110 Rufus
438 3053 584 3130 praetura
602 3044 729 3110 functus
748 3045 852 3122 datur,
871 3044 925 3127 qui
942 3067 1075 3130 regnum
1091 3043 1215 3120 interim
1234 3052 1349 3109 tracta-

317 3148 377 3217 ret,
401 3139 544 3224 exemplo
566 3161 629 3222 quo
651 3139 784 3205 maiores
801 3138 849 3204 M.
867 3140 1027 3225 Lepidum
1044 3137 1218 3204 Ptolemaei
1238 3137 1348 3204 liberis

318 3242 450 3298 tutorem
467 3233 500 3297 in
512 3231 696 3318 Aegyptum
710 3233 869 3298 miserant.
891 3232 1104 3319 Rhescuporis
1119 3230 1347 3296 Alexandriam

318 3325 467 3390 devectus
490 3336 583 3408 atquc
600 3326 664 3390 illic
685 3326 795 3412 fugam
818 3335 975 3412 temptans
998 3350 1038 3391 an
1055 3325 1129 3391 ficto
1152 3326 1281 3392 crimine
1298 3327 1347 3390 in-

317 3417 476 3482 terlicitur.

268 3522 301 3571 68
381 3508 445 3574 Per
461 3507 545 3574 idem
562 3518 687 3596 tempus
700 3511 862 3590 Vonones,
880 3535 975 3596 quem
993 3523 1132 3579 amotum
1150 3514 1182 3577 in
1202 3512 1348 3579 Ciliciam

318 3603 501 3682 memoravi,
533 3605 686 3690 corruptis
713 3607 898 3672 custodibus
930 3607 1070 3695 effugere
1100 3609 1141 3674 ad
1166 3605 1375 3685 Armenios,¹

318 3698 390 3764 inde
414 3695 474 3786 [in]
498 3697 642 3764 Albanos
664 3699 912 3786 Heniochosque
935 3711 966 3767 et
992 3703 1260 3789 consanguineum
1287 3701 1349 3768 sibi

319 3815 426 3880 regern
441 3791 630 3879 Scytharum
644 3804 775 3861 conatus
789 3804 850 3860 est:
871 3797 974 3881 specie
988 3799 1124 3862 venandi
1138 3795 1263 3862 omissis
1281 3819 1350 3861 ma-

319 3888 430 3953 ritimis
446 3887 524 3954 locis
547 3888 618 3954 avia
636 3889 771 3955 saltuum
792 3890 895 3975 petiit,
922 3913 997 3956 mox
1017 3891 1200 3976 pernicitate
1217 3888 1289 3974 equi
1307 3890 1349 3954 ad

320 4004 444 4047 amnem
466 3982 639 4068 Pyramum
665 3985 836 4063 contendit,
864 3985 954 4050 cuius
974 3995 1087 4071 pontes
1110 3984 1234 4050 accolae
1255 4005 1350 4068 rupe·

320 4085 390 4138 rant
407 4077 513 4142 audita
530 4078 614 4164 regis
632 4079 723 4166 suga3
746 4101 847 4164 neque
865 4080 946 4146 vado
963 4080 1118 4166 penetrari
1135 4087 1266 4165 poterat.
1289 4076 1349 4162 igi-

322 4177 371 4231 tur
388 4168 420 4232 in
438 4169 505 4254 ripa
523 4170 658 4238 fluminis
677 4197 696 4240 a
712 4173 808 4240 Vibio
825 4174 996 4252 Frontone,
1019 4174 1177 4260 praefecto
1194 4171 1346 4254 equitum,
