3042 4956
356 445 417 510 182
704 449 888 508 CORNELII
902 448 1032 506 TACl'l'I

1274 553 1295 582 a.
1306 555 1327 583 n.
1340 545 1387 584 8⁰⁰.

351 625 491 680 moneret
508 610 680 677 Claudium
702 630 812 674 cavere
829 609 894 674 vim
912 619 1006 692 atque
1029 631 1105 694 opes
1123 609 1319 696 principibus
1339 613 1389 676 in-

350 709 473 774 fensas:
495 705 698 792 praecipuum
716 712 874 767 auctorem
892 701 1070 768 Asiaticum
1088 703 1296 769 interficiendi
1316 703 1386 791 [0.]

352 802 514 879 Caesaris;
531 822 594 865 non
612 798 793 862 extimuisse
807 798 983 862 contionem
1000 799 1109 883 populi
1121 799 1273 878 Romani3
1293 800 1388 866 fateri

351 897 544 983 gloriamque
562 892 708 958 facinoris
732 892 812 956 ultro
834 900 956 976 petere3
979 892 1099 957 clarum
1117 915 1157 956 ex
1175 914 1214 957 eo
1232 893 1265 957 in
1289 893 1386 972 urbe;

351 991 449 1056 didita
461 1011 518 1076 per
530 988 706 1074 provincias
720 986 805 1076 sarna
817 1007 927 1070 parare
940 986 999 1050 iter
1012 987 1053 1051 ad
1067 983 1275 1052 Germanicos
1295 1011 1388 1054 exer-

351 1085 446 1162 eitus,
470 1084 596 1167 quando
618 1081 743 1167 genitus
764 1079 908 1146 Viennae
929 1081 1099 1164 multisque
1121 1092 1153 1146 et
1174 1082 1288 1146 validis
1310 1105 1387 1167 pro-

351 1177 577 1264 pinquitatibus
592 1176 745 1242 subnixus
760 1173 884 1238 turbare
897 1175 1030 1260 gentiles
1044 1175 1187 1240 nationes
1201 1187 1386 1261 promptum

351 1272 488 1337 haberet.
512 1281 544 1336 at
562 1270 714 1336 Claudius
732 1268 809 1332 nihil
826 1267 907 1332 ultra
925 1278 1080 1334 scrutatus
1098 1269 1168 1333 citis
1187 1291 1260 1333 cum
1278 1269 1387 1333 militi-

351 1366 411 1430 bus
429 1377 590 1448 tamquam
603 1363 807 1449 opprimendo
824 1362 907 1426 bello
922 1361 1113 1447 Crispinum,
1132 1362 1281 1448 praetorii
1293 1385 1387 1448 prae-

351 1459 483 1536 fectum,
505 1458 605 1534 misit;
627 1481 647 1521 a
668 1479 731 1540 quo
752 1465 893 1541 repertus
916 1465 964 1521 est
986 1456 1071 1542 apud
1087 1456 1185 1520 Baias
1207 1456 1384 1540 vinclisque

318 1553 456 1620 ainditis
474 1553 508 1616 in
528 1551 638 1616 urbem
660 1560 778 1635 raptus.
806 1573 908 1634 neque
931 1550 1004 1615 data
1022 1560 1149 1616 senatus
1173 1549 1278 1635 copia:
1302 1551 1385 1615 intra

351 1645 529 1710 cubiculum
548 1644 688 1721 auditur,
710 1643 886 1709 Messalina
907 1667 1011 1710 eoram
1030 1655 1061 1708 et
1080 1643 1193 1710 Suillio
1211 1644 1385 1729 corruptio-

350 1761 422 1803 nem
444 1739 592 1816 militum,
616 1760 695 1821 quos
718 1739 851 1823 pecunia
873 1747 905 1803 et
926 1748 1033 1823 stupro
1056 1739 1089 1802 in
1111 1760 1204 1802 omne
1226 1738 1384 1824 flagitium

351 1833 516 1900 obstrictos
543 1833 709 1920 arguebat,
740 1833 812 1896 exin
839 1833 1024 1897 adulterium
1051 1832 1234 1918 Poppaeae,
1262 1841 1386 1918 postre-

351 1951 439 1992 mum
455 1927 617 1996 mollitiam
636 1927 773 2013 eorporis
788 1927 972 1992 oblectante.
995 1927 1035 1991 ad
1053 1928 1138 2009 quod
1156 1927 1241 1990 victo
1259 1925 1384 1990 silentio

351 2023 492 2109 prorupit
508 2045 581 2086 reus
599 2035 631 2085 et
650 2021 854 2106 „interroga,“
873 2021 973 2103 inquit
992 2018 1116 2098 „Suilli
1134 2019 1215 2085 filios
1231 2030 1319 2086 tuos:
1337 2021 1385 2083 vi-

352 2141 422 2181 rum
436 2139 506 2182 esse
520 2139 570 2180 me
584 2115 795 2180 fatebuntur.“
819 2115 1042 2199 ingressusque
1056 2113 1282 2189 defensionem,
1297 2135 1385 2178 com-

352 2221 438 2275 moto
456 2210 605 2274 maiorem
623 2209 656 2272 in
674 2210 802 2273 modum
821 2207 965 2288 Claudio,
983 2207 1176 2272 Messalinae
1194 2229 1321 2290 quoque
1339 2208 1385 2271 la·

353 2305 466 2370 crimes
480 2305 602 2368 excivit.
626 2303 740 2386 quibus
754 2303 917 2368 abluendis
931 2303 1075 2368 cubiculo
1094 2303 1257 2389 egrediens
1275 2312 1385 2366 monet

353 2395 529 2472 Vitellium,
551 2417 591 2460 ne
610 2396 691 2460 elabi
708 2418 796 2460 reurn
814 2397 942 2462 sineret:
965 2397 1034 2482 ipsa
1052 2397 1093 2460 ad
1109 2397 1279 2482 perniciem
1296 2395 1384 2480 Pop·

352 2511 450 2574 paeae
475 2489 618 2565 festinat,
646 2488 779 2553 subditis
802 2490 856 2573 qui
877 2501 993 2555 terrore
1021 2491 1153 2554 carceris
1176 2490 1217 2554 ad
1238 2489 1385 2554 volunta-

351 2584 430 2647 riam
448 2593 580 2646 mortem
597 2583 814 2667 propellerent,
834 2584 913 2649 adeo
931 2585 1039 2670 ignaro
1054 2578 1245 2649 Caesare'ut
1263 2605 1383 2668 paucos

351 2686 423 2761 post
441 2676 507 2739 dies
526 2675 704 2760 epulantem
722 2678 806 2762 apud
825 2699 858 2742 se
873 2679 1019 2742 maritum
1033 2679 1100 2744 eius
1116 2675 1297 2762 Scipionem
1312 2699 1385 2762 pcr-

352 2778 538 2847 eontaretur,
557 2792 613 2834 cur
627 2770 693 2834 sine
707 2793 804 2836 uxore
818 2771 1040 2850 discubuisset,
1058 2781 1151 2856 atque
1169 2772 1221 2836 ille
1238 2771 1382 2836 functam

352 2866 419 2931 fato
436 2867 648 2951 responderet.

319 2984 334 3032 3
419 2959 484 3027 Sed
503 2962 691 3027 consultanti
710 2985 803 3048 super
820 2962 1014 3027 absolutione
1032 2961 1167 3027 Asiatici
1184 2962 1263 3026 flens
1281 2961 1383 3026 Vitel-

352 3058 413 3123 lius
441 3067 682 3123 commemorata
707 3066 862 3123 vetustate
894 3057 1052 3121 amicitiae
1073 3067 1170 3141 utque
1196 3055 1381 3133 Antoniam,

353 3153 501 3238 principis
524 3163 669 3231 matrem,
695 3150 810 3237 pariter
832 3150 1098 3228 observavissent,
1125 3151 1198 3216 dein
1223 3152 1382 3236 percursis

234 3297 238 3304 .
353 3246 487 3312 Asiatici
505 3247 537 3312 in
554 3269 621 3310 rem
638 3246 796 3332 publicam
813 3246 926 3311 officiis
944 3247 1122 3330 recentique
1140 3246 1292 3310 adversus
1311 3245 1383 3309 Bri-

352 3340 490 3403 tanniam
513 3340 636 3415 militia,
664 3362 807 3424 quaeque
829 3341 890 3405 alia
916 3332 1127 3405 conciliandae
1149 3339 1382 3405 misericordiae

353 3430 553 3506 videbantur,
581 3431 713 3495 liberum
734 3433 843 3497 mortis
867 3433 1028 3498 arbitrium
1049 3434 1078 3497 ei
1098 3433 1254 3518 permisit3
1283 3443 1315 3497 et
1334 3455 1383 3497 sc-

353 3532 425 3587 cuta
443 3532 516 3587 sunt
535 3522 661 3588 Claudii
678 3524 774 3590 verba
791 3526 824 3589 in
847 3527 979 3592 candem
997 3528 1203 3592 clementiam.
1231 3527 1383 3592 hortanti·

351 3617 411 3683 bus
430 3617 542 3682 dehine
560 3617 748 3701 quibusdam
760 3619 897 3685 inediam
914 3631 945 3686 et
962 3621 1065 3686 lenem
1079 3621 1205 3698 exitum,
1224 3620 1382 3685 remittere

353 3712 539 3778 beneficium
561 3711 723 3777 Asiaticus
746 3713 803 3791 ait,
832 3724 863 3778 et
884 3717 1042 3816 usurpatis
1065 3715 1179 3799 quibus
1201 3715 1382 3780 insueverat

354 3799 640 3876 exercitationibus,
667 3798 752 3864 lauto
775 3821 917 3885 corpore,
944 3802 1041 3866 hrlare
1064 3800 1222 3886 epulatus,
1251 3821 1326 3864 eum
1348 3822 1381 3864 se

353 3895 513 3961 honestius
537 3894 704 3960 calliditate
722 3894 840 3960 Tiberii
862 3897 912 3960 vel
933 3897 1052 3981 impetu
1072 3894 1110 3960 O.
1130 3893 1277 3959 Caesaris
1300 3893 1382 3978 peri·

353 4001 458 4055 turum
484 3991 615 4056 dixisset
641 4011 735 4074 quam
762 3991 846 4075 quod
871 3990 981 4055 frande
1007 3989 1151 4054 muliebri
1177 3997 1209 4052 et
1233 3988 1380 4073 inpudico
1402 3994 1405 4000 '

353 4084 472 4150 Vitellii
489 4107 542 4151 ore
560 4087 698 4164 caderet,
717 4109 813 4152 venas
832 4086 979 4162 exsolvit,
1003 4086 1074 4151 viso
1089 4093 1195 4148 tamen
1213 4092 1285 4148 ante
1303 4103 1380 4168 rogo

352 4177 500 4261 iussoque
527 4181 687 4246 transferri
712 4191 833 4265 partem
858 4182 891 4246 in
917 4181 1024 4258 ubam,
1055 4202 1095 4244 ne
1122 4177 1261 4264 opacitas
1290 4175 1380 4242 arbo·
