3042 4956
405 449 610 508 ANNALIUM
629 448 702 502 LIB.
718 445 769 503 XI.
787 449 906 503 21-2e
1105 437 1164 502 191

138 545 300 598 emma

137 616 237 678 mium
255 613 375 687 suerat,
394 608 576 692 cunctisque
594 607 719 683 civium,
739 606 874 671 sibonis
892 607 1009 672 artibus
1027 607 1166 686 fiderent,

137 710 258 773 licitum
275 714 386 791 petere
399 703 615 789 magistratus3
635 724 672 766 ao
689 723 728 765 ne
746 711 833 766 aetas
852 702 979 786 quidem
997 703 1169 790 distingue-

138 803 238 878 batur,
258 799 338 883 quin
350 799 451 883 prima
463 798 589 862 iuventa
602 795 797 860 consulatum
816 804 847 859 et
865 795 1033 860 dictaturas
1046 798 1167 864 inirent.

138 897 196 960 sed
203 903 389 977 quaestores
398 891 525 978 regibus
535 891 629 954 etiam
638 901 705 953 tum
714 889 939 974 imperantibus
948 890 1167 969 institutisunt‚

137 992 223 1073 quod
239 990 294 1053 lex
314 988 433 1052 curiata
451 986 587 1051 ostendit
604 985 643 1050 ab
657 986 698 1049 L.
713 985 813 1049 Bruto
830 985 977 1069 repetita3
993 986 1168 1069 mansitque

137 1083 324 1148 consulibus
338 1089 476 1166 potestas
491 1079 659 1164 deligendi,
678 1079 778 1142 donec
792 1100 864 1142 eum
877 1099 1002 1160 quoque
1019 1079 1169 1144 honorem

137 1177 277 1262 populus
301 1176 477 1240 mandaret:
497 1173 658 1255 creatique
679 1172 815 1257 primum
832 1171 979 1236 Valerius
997 1172 1121 1238 Potitus
1139 1186 1170 1238 et

137 1270 299 1335 Aemilius
316 1269 497 1332 Mamercus
516 1267 714 1352 sexagesimo
736 1266 826 1330 tertio
844 1288 926 1330 anuo
947 1276 1020 1352 post
1038 1267 1171 1351 Tarqui-

138 1365 208 1430 nios
226 1372 368 1439 exactos,
387 1371 422 1425 ut
438 1384 504 1425 rem
517 1362 682 1425 militarem
695 1360 924 1424 comitarentur.
947 1361 1019 1426 dein
1036 1362 1172 1448 gliscen-

138 1459 223 1524 tibus
246 1457 384 1543 ncgotiis
407 1457 470 1520 duo
492 1456 603 1531 additi,
627 1455 682 1538 qui
698 1455 819 1519 Romae
842 1466 999 1534 curarent3
1021 1480 1096 1522 mox
1113 1459 1171 1522 du-

138 1553 276 1638 plicatus
299 1572 461 1626 numerus,
486 1549 687 1633 stipendiaria
707 1549 771 1613 iam
787 1549 881 1615 Italia
902 1560 933 1616 et
950 1552 1169 1617 accedentibus

138 1646 375 1732 provinciarum
395 1643 616 1729 vectigalibus3
639 1653 711 1728 post
727 1643 798 1730 lege
818 1642 925 1712 Sullae
947 1645 1058 1732 viginti
1075 1648 1170 1712 creati

141 1740 319 1826 supplendo
347 1739 482 1814 senatui,
510 1739 561 1802 eui
582 1739 697 1802 iudicia
719 1739 900 1817 tradiderat,
928 1749 958 1804 et
979 1763 1170 1824 quamquam

140 1835 262 1918 equites
281 1833 685 1918 iudiciareciperavissent,
703 1843 872 1916 quaestura
889 1843 993 1898 tamen
1011 1857 1051 1898 ex
1069 1836 1171 1920 digni-

141 1939 203 1993 tate
222 1928 460 1993 caudidatorum
482 1935 537 1991 aut
558 1926 707 1990 facilitate
725 1925 926 1990 tribuentium
943 1927 1079 2012 gratuito
1097 1949 1171 1992 eon·

141 2022 322 2098 cedebatur,
341 2021 439 2086 donec
457 2020 611 2085 sententia
623 2019 810 2086 Dolabellae
827 2020 913 2084 velut
932 2020 1169 2088 venundaretur.

203 2114 248 2180 A.
265 2115 422 2191 Vrranmo,
435 2115 477 2178 L.
492 2113 646 2180 Vmsrruo
662 2113 842 2178 consulibus
858 2135 930 2177 cum
943 2113 982 2177 de
997 2115 1170 2199 supplendo
1190 2137 1221 2184 23

144 2219 255 2274 senatu
271 2209 448 2294 agitaretur,
462 2208 678 2292 primoresque
689 2191 820 2284 Galbae,
836 2229 916 2290 quae
930 2217 1052 2272 comata
1065 2209 1172 2294 appel-

141 2304 234 2381 latur,
256 2302 385 2369 foedera
401 2312 432 2366 et
449 2303 608 2366 civitatem
623 2302 800 2367 Romanam
817 2301 938 2386 pridem
956 2303 1102 2380 assecuti,
1120 2303 1170 2368 ius

141 2398 415 2484 adipiscendorum
440 2397 473 2460 in
495 2395 573 2460 urbe
596 2397 750 2460 bonorum
772 2405 965 2480 expeterent,
992 2396 1110 2462 multus
1133 2420 1172 2462 ea

142 2515 288 2578 superte
305 2492 472 2574 variusque
494 2513 601 2556 rumor
618 2500 649 2555 et
667 2490 778 2556 studiis
801 2491 933 2556 diversis
956 2493 1040 2577 apud
1057 2493 1171 2577 princi-

141 2608 212 2670 pem
235 2585 426 2662 certabatur,
450 2585 696 2650 asseverantium
719 2607 781 2648 non
804 2586 883 2650 adeo
901 2607 1028 2671 aegram
1045 2585 1170 2650 Italiam

141 2691 174 2743 ut
192 2690 339 2744 senatum
354 2680 552 2764 suppeditare
565 2678 635 2744 urbi
653 2701 728 2744 suae
742 2679 896 2762 nequiret3
915 2680 1078 2746 suffecisse
1096 2681 1170 2746 olim

140 2773 306 2859 indigenas
324 2773 565 2857 consanguineis
583 2773 723 2858 populis,
742 2796 800 2838 nec
817 2775 975 2858 paenitere
992 2775 1107 2840 veteris
1124 2771 1170 2838 rei

140 2867 299 2952 publicae;
318 2867 394 2949 quin
412 2868 515 2931 adhuc
532 2867 697 2930 memorari
715 2867 858 2951 exempla
876 2889 957 2949 quae
974 2868 1086 2952 priscis
1104 2891 1171 2935 mu-

139 2960 226 3027 ribus
249 2963 291 3026 ad
313 2961 458 3024 virtutem
477 2970 508 3024 et
530 2960 662 3046 gloriam
679 2961 824 3024 Romana
844 2961 967 3026 indoles
989 2961 1169 3046 prodiderit.

140 3080 179 3120 au
195 3078 309 3142 parum
327 3055 413 3138 quod
425 3054 540 3120 Veneti
558 3064 588 3118 et
605 3054 755 3118 Insubres
775 3054 893 3118 curiam
909 3053 1091 3136 inruperint,
1110 3054 1171 3116 nisi

141 3160 248 3214 coetus
258 3149 513 3234 alienigenarum,
523 3147 884 3232 velutcaptaeitcivitas,
894 3145 1067 3210 inseratur?
1077 3167 1171 3228 quem

141 3244 221 3308 ultra
237 3243 389 3308 honorem
402 3243 535 3308 residuis
553 3241 714 3318 nobilium,
734 3250 788 3304 aut
806 3241 833 3304 si
851 3240 920 3324 quis
938 3261 1057 3324 pauper
1074 3239 1171 3304 eLa-

141 3337 182 3402 tio
201 3347 329 3402 senator
345 3336 444 3400 foret?
466 3336 644 3422 oppleturos
667 3335 772 3400 omnia
794 3335 906 3403 divites
928 3335 1013 3411 illos,
1037 3355 1170 3418 quorum

140 3431 189 3495 avi
206 3430 379 3516 proavique
396 3431 557 3495 hostilium
575 3430 735 3494 nationum
758 3430 854 3494 duces
874 3430 1027 3494 exercitus
1046 3440 1169 3496 nostros

139 3524 221 3590 serro
239 3525 334 3608 vique
352 3525 533 3602 ceciderint,
556 3525 665 3589 divum
681 3524 798 3589 Iulium
816 3527 901 3610 apud
917 3524 1060 3590 Alesiam
1079 3525 1170 3590 obse-

139 3621 254 3698 derint3
277 3622 414 3685 recentia
430 3621 522 3686 haee:
545 3621 622 3704 quid
640 3621 667 3684 si
684 3622 834 3686 memoria
856 3643 964 3686 eorum
984 3629 1168 3695 moveretur,

139 3715 191 3797 qui
206 3713 365 3799 Capitolio
379 3723 410 3780 et
427 3739 482 3780 ara
494 3716 638 3780 Romana
651 3715 795 3780 manibus
811 3716 980 3779 eorundem
997 3735 1054 3797 per
1067 3735 1101 3776 se
1120 3735 1170 3775 sa-

138 3808 177 3872 tis
201 3806 294 3871 m?
315 3808 492 3874 fruerentur
514 3831 589 3874 sane
611 3809 764 3874 vocabulo
787 3809 935 3874 civitatis:
957 3805 1093 3890 insignia
1114 3826 1170 3889 pa·

138 3910 234 3978 trum,
254 3901 369 3966 decora
386 3904 626 3988 magistratuum
644 3925 684 3967 ne
701 3903 876 3988 vulga-rent.

200 3995 265 4060 His
279 4005 373 4079 atque
383 3997 497 4062 talibus
511 3997 595 4062 baud
604 4006 763 4082 permotus
777 3995 921 4080 princeps
936 4001 967 4056 et
981 3991 1086 4054 statim
1095 4011 1169 4054 con·
1188 4009 1220 4057 24

138 4097 185 4152 tra
192 4089 343 4156 disseruit
356 4081 508 4156 etvocato
523 4101 633 4156 senatu
646 4091 690 4155 ita
700 4111 829 4154 exorsus
845 4097 906 4150 est:
923 4085 1081 4165 „Maiores
1096 4085 1168 4162 mei,

137 4204 271 4265 quorum
294 4185 531 4270 antiquissimus
550 4184 702 4263 Clausus,
726 4183 845 4270 origiue
865 4179 997 4258 Sabina,
1022 4179 1115 4244 simul
1136 4180 1168 4246 iu
