3020 4964
354 435 417 502 276
701 439 884 500 CORNELII
898 441 1029 497 ΤΑΟΙΤΙ

1270 541 1290 572 a.
1300 544 1322 572 n.
1333 535 1383 573 815.

351 605 546 672 cernentium
567 601 773 688 impediturus
797 599 903 678 fuerit,
927 599 1171 666 moderationem
1192 623 1257 664 non
1272 601 1382 685 prohi-

352 701 440 764 bere:
459 706 629 763 statuerent
645 707 681 759 ut
693 694 821 773 vellent3
839 692 945 759 datam
963 703 994 758 et
1011 693 1194 758 absolvendi
1210 694 1379 758 licentiam.

353 795 402 859 bis
416 803 509 876 atque
527 790 642 856 talibus
659 789 796 854 recitatis
811 798 841 852 et
855 788 1028 860 offensione
1041 787 1209 852 manifesta
1223 811 1288 852 non
1307 787 1380 852 ideo

352 897 406 954 aut
419 886 563 952 consules
576 894 741 968 mutavere,
749 883 931 947 relationem
944 891 999 947 aut
1007 882 1150 948 Thrasea
1163 883 1298 948 decessit
1307 905 1381 947 scn-

352 981 448 1046 tentia
465 979 598 1045 ceterive
615 1000 695 1062 quae
712 976 920 1062 probaverant
937 977 1116 1054 deseruere,
1134 999 1218 1061 pars,
1236 996 1276 1040 ne
1292 975 1381 1061 prin-

352 1077 453 1162 cipem
479 1074 632 1140 obiecisse
654 1073 790 1137 invidiae
812 1072 1003 1148 viderentur,
1028 1071 1136 1156 plures
1157 1093 1286 1136 numero
1308 1071 1379 1147 tuti,

353 1171 495 1234 Thrasea
512 1177 602 1233 sueta
617 1167 808 1232 firmitudine
829 1165 927 1230 animi
944 1175 975 1230 et
993 1187 1032 1229 ue
1048 1165 1150 1251 gloria
1171 1164 1379 1229 intercideret.

302 1285 334 1332 50
416 1261 514 1327 Hand
540 1261 658 1346 dispari
684 1260 813 1325 crimine
834 1259 999 1325 Fabricius
1021 1257 1157 1326 Veiento
1183 1258 1380 1324 conflictatus

352 1367 414 1435 est,
437 1357 522 1440 quod
539 1356 638 1420 multa
659 1364 690 1418 et
706 1353 857 1440 probrosa
877 1354 911 1418 in
927 1351 1032 1439 patres
1049 1363 1081 1417 et
1099 1353 1276 1418 sacerdotes
1294 1375 1381 1418 com-

351 1451 510 1536 posuisset
535 1449 575 1512 iis
600 1448 689 1514 libris
717 1447 831 1532 quibus
858 1469 974 1527 nomen
1000 1447 1213 1512 codicillorum
1240 1447 1378 1512 dederat.

351 1543 505 1609 adiciebat
523 1543 633 1608 Talius
652 1540 807 1607 Geminus
830 1551 994 1606 aecusator
1015 1541 1174 1606 venditata
1196 1541 1236 1606 ab
1254 1563 1292 1606 eo
1310 1564 1380 1605 mu-

351 1661 426 1701 nera
437 1636 586 1721 principis
605 1644 636 1699 et
648 1636 921 1720 adipiscendorum
935 1635 1088 1699 bonorum
1105 1635 1164 1712 ius,
1183 1657 1265 1718 quae
1282 1656 1380 1699 eausa
1413 1659 1415 1664 ·

350 1725 466 1795 Neroni
483 1730 544 1793 fnit
561 1729 752 1815 suscipiendi
769 1729 891 1806 iudicii,
914 1729 1152 1812 convictumque
1170 1727 1380 1795 Veientonem

351 1825 443 1890 ltalia
459 1823 580 1910 depulit
596 1833 628 1889 et
645 1823 741 1889 libros
759 1824 849 1888 exuri
866 1823 972 1900 iussit,
996 1823 1188 1907 conquisitos
1209 1821 1380 1888 lectitatos-

351 1943 422 2004 que,
441 1920 540 1984 donec
555 1914 627 1983 cum
635 1918 772 2004 periculo
784 1917 989 2003 parabantur:
1007 1939 1081 1982 mox
1098 1917 1224 1982 lieentia
1241 1915 1380 1982 habendi

352 2013 541 2080 oblivionem
559 2013 670 2078 attulit.

301 2129 332 2174 ,ῆι
418 2106 484 2173 Sed
496 2106 753 2194 gravescentibus
770 2106 803 2170 in
816 2106 884 2170 dics
897 2105 1032 2192 publicis
1050 2107 1141 2171 malis
1161 2103 1303 2172 subsidia
1320 2107 1381 2170 mi-

352 2201 540 2279 nuebantur,
559 2201 775 2286 concessitque
793 2200 859 2266 vita
874 2200 1011 2278 anus‚
1028 2200 1182 2266 incertum
1198 2199 1380 2265 valetudine

352 2321 392 2361 an
410 2317 544 2361 veneno:
566 2296 712 2360 valetudo
734 2316 774 2358 ex
792 2315 830 2358 eo
847 2293 1091 2372 coniectabatur,
1115 2294 1200 2378 quod
1220 2294 1254 2357 in
1276 2315 1313 2358 se
1330 2304 1381 2358 tu-

353 2385 563 2455 mescentibus
576 2389 728 2475 paulatim
741 2386 886 2452 faucibus
904 2397 935 2452 et
952 2387 1101 2474 impedito
1116 2397 1219 2452 meatu
1233 2387 1381 2472 spiritum

352 2483 492 2559 finiebat3
513 2482 619 2567 plures
637 2482 728 2545 iussu
744 2481 893 2558 Neronis,
916 2483 1007 2564 quasi
1023 2481 1196 2546 remedium
1213 2480 1382 2546 adhibere·

352 2587 410 2652 tur,
428 2575 550 2638 inlitmn
567 2575 707 2658 palatum
724 2575 792 2638 eius
805 2575 900 2640 noxio
917 2575 1123 2640 medicamine
1141 2573 1380 2652 adseverabant,

352 2679 383 2732 ct
399 2667 536 2732 Burrum
553 2667 709 2732 intellecto
727 2668 853 2746 scelere,
873 2690 945 2734 cum
963 2669 1004 2732 ad
1020 2669 1185 2734 visendum
1202 2690 1275 2733 eum
1293 2669 1381 2754 prin-

262 2782 267 2787 ·
352 2781 426 2846 ceps
444 2762 597 2839 venisset,
620 2771 783 2848 aspectum
801 2762 870 2828 cius
888 2771 1067 2829 aversatum
1085 2762 1255 2828 sciscitanti
1272 2763 1381 2828 hacte-

350 2880 411 2922 nus
432 2856 646 2941 respondisse:
675 2879 754 2942 „ego
775 2877 826 2920 me
848 2855 929 2921 bene
950 2855 1083 2936 habec.“
1116 2857 1233 2922 civitati
1258 2857 1380 2944 grande

351 2949 542 3016 desiderium
564 2951 632 3016 eius
650 2951 765 3016 mansit
785 2971 843 3036 per
860 2951 1042 3016 memoriam
1063 2951 1185 3015 virtutis
1204 2960 1235 3015 et
1253 2973 1381 3016 seroces-

353 3069 457 3110 sorum
472 3045 596 3110 alten'us
611 3067 740 3131 segnem
758 3044 977 3123 innocentiam,
996 3044 1122 3134 alterius
1136 3045 1381 3131 flagrantissima

352 3141 470 3228 flagitia
489 3137 685 3225 [adulteria]:
708 3139 825 3224 quippe
844 3138 964 3204 Caesar
985 3139 1065 3222 duos
1087 3138 1249 3224 praetoriis
1268 3139 1380 3203 cohor-

306 3263 308 3268 ·
352 3232 435 3298 tibus
454 3233 656 3317 imposuerat,
679 3232 833 3296 Faenium
850 3231 972 3297 Rufum
994 3255 1034 3296 ex
1051 3232 1139 3318 vulgi
1161 3231 1282 3310 favore,
1306 3232 1380 3316 quia

352 3347 417 3388 rem
440 3325 673 3406 frumentariam
697 3326 764 3389 sine
786 3335 921 3409 quaestu
942 3325 1108 3402 tractabat,
1134 3323 1302 3391 Sofonium
1324 3325 1379 3389 Ti-

351 3416 516 3499 gellinum,
539 3426 675 3481 veterem
697 3418 914 3504 inpudicitiam
932 3429 1025 3503 atque
1042 3419 1205 3484 infamiam
1222 3419 1255 3482 in
1273 3441 1312 3484 eo
1330 3441 1379 3482 se-

352 3518 452 3573 cutus.
479 3519 571 3593 atque
589 3510 634 3574 illi
650 3534 708 3597 pro
731 3514 864 3600 cognitis
887 3515 1027 3579 moribus
1050 3514 1151 3592 fuere,
1174 3512 1307 3579 validior
1324 3513 1379 3578 Ti-

351 3605 485 3692 gellinus
499 3606 531 3669 in
544 3606 649 3672 animo
657 3607 807 3695 principis
822 3619 853 3674 et
861 3610 980 3674 intimis
989 3609 1171 3675 libidinibus
1180 3609 1377 3694 adsumptus,

352 3722 499 3786 prospera
516 3701 623 3786 populi
641 3712 672 3766 et
689 3702 822 3766 militum
840 3702 925 3767 fama
942 3703 1056 3782 Rufus,
1075 3703 1161 3788 qued
1179 3703 1264 3788 apud
1279 3703 1378 3768 Nero-

352 3817 423 3858 nem
441 3795 608 3860 adversum
626 3796 852 3881 experiebatur.

301 3906 333 3952 52
355 3922 359 3926 ·
415 3887 505 3952 Mors
518 3889 612 3954 Burri
625 3891 753 3975 infregit
768 3888 908 3955 Senecae
920 3891 1100 3975 potentiam,
1120 3890 1194 3975 quia
1210 3911 1269 3954 nee
1286 3887 1376 3953 bonis

352 3982 469 4046 artibus
488 3984 571 4048 idem
589 3985 701 4048 virium
719 3993 785 4049 erat
801 3983 899 4048 altero
916 3984 1002 4048 velut
1019 3985 1099 4048 duee
1117 3993 1231 4059 amoto,
1251 3991 1281 4046 et
1294 3981 1376 4046 Nero

352 4076 391 4137 ad
405 4075 572 4140 deteriores
586 4077 764 4143 inclinabat.
786 4078 819 4141 bi
833 4078 927 4142 variis
941 4077 1207 4143 criminationibus
1222 4073 1377 4142 Senecam

352 4168 541 4247 adoriuntur,
559 4179 718 4254 tamquam
731 4172 874 4257 ingentes
893 4182 924 4237 et
940 4173 1096 4256 privatum
1110 4171 1238 4236 modum
1252 4177 1376 4234 evectas
