3042 4956
327 458 688 518 annumeremur.
706 457 826 514 44-48.
841 437 982 532 (ss-'ni
1105 449 1167 514 175

138 565 158 604 p.
167 553 207 594 Ch.
217 554 254 593 36.

137 622 248 705 laqueo
273 627 413 684 vexatae.
441 639 482 682 ne
500 617 656 703 Tigranes
673 616 815 699 quidem,
838 616 991 683 Armenia
1008 620 1166 703 quondam

136 715 252 802 potitus
268 736 306 778 ac
320 724 394 777 tunc
405 734 490 789 reus,
508 710 634 777 nomine
647 711 736 796 regio
750 711 904 796 supplicia
916 713 1032 776 civium
1045 713 1165 801 effugit.

136 822 166 876 at
183 811 222 876 Ο.
244 809 352 877 Galba
369 807 542 874 consularis
560 815 592 872 et
608 807 672 871 duo
689 806 798 871 Blaesi
819 807 995 873 voluntario
1013 809 1100 874 exitu
1116 831 1168 876 ce-

136 905 254 982 cidere,
279 902 385 970 Galba
401 901 542 967 tristibus
562 899 709 966 Caesaris
726 900 837 965 litteris
854 901 1047 986 provinciam
1064 903 1167 968 sortiri

135 999 327 1085 prohibitusz
348 997 472 1062 Blaesis
495 995 669 1061 sacerdotia
690 993 813 1082 integra
834 1017 943 1061 eorum
960 996 1054 1064 domo
1070 998 1167 1064 desti-

136 1104 207 1159 nata
228 1093 384 1158 convulsa
405 1091 581 1168 distulerat,
605 1099 680 1155 tunc
700 1097 738 1153 ut
759 1111 860 1154 vacua
879 1091 1011 1156 contulit
1027 1091 1061 1160 in
1077 1092 1165 1170 alios,

136 1188 218 1272 quod
237 1189 366 1275 signum
379 1186 488 1252 mortis
506 1185 686 1251 intellexere
705 1193 736 1248 et
753 1185 893 1250 exsecuti
907 1195 989 1252 sunt.
1012 1197 1043 1254 et
1056 1186 1167 1252 Aemi-

136 1284 175 1349 lia
199 1284 343 1370 Lepida,
370 1303 465 1366 quam
490 1281 596 1346 iuveni
617 1279 726 1344 Druso
752 1288 883 1364 nuptam
904 1281 1022 1360 rettuli,
1049 1280 1166 1348 crebris

136 1379 318 1444 criminibus
335 1376 481 1442 maritum
503 1375 668 1452 insectata,
692 1395 883 1458 quamquam
900 1374 1101 1454 intestabilis,
1120 1386 1166 1442 ta-

136 1495 206 1538 men
223 1472 381 1559 impunita
398 1470 526 1558 agebat,
546 1471 621 1535 dum
640 1467 794 1554 superfuit
811 1479 901 1554 pater
917 1469 1075 1557 Lepidus:
1093 1480 1166 1556 post

137 1590 155 1630 a
170 1566 363 1632 delatoribus
377 1564 541 1650 corripitur
557 1563 598 1628 ob
617 1583 743 1627 servum
756 1563 947 1642 adulterum3
965 1586 1024 1629 nec
1040 1565 1164 1630 dubita-

137 1659 225 1726 batur
242 1663 283 1726 de
302 1659 434 1746 flagitio:
458 1679 533 1745 ergo
551 1656 670 1723 omissa
687 1657 868 1723 defensione
890 1657 985 1724 finem
1002 1659 1086 1724 vitae
1104 1658 1165 1726 sibi

177 1758 248 1823 suit.

137 1779 175 1842 po
196 1852 261 1918 Per
278 1852 363 1916 idem
381 1860 505 1935 tempus
525 1847 679 1914 Clitarum
700 1848 785 1912 natio
804 1847 988 1934 Cappadoci
1004 1846 1163 1914 Archelao
1177 1849 1220 1962 (if)

139 1946 286 2025 subiecta,
305 1946 380 2029 quia
393 1953 534 2012 nostrum
551 1943 586 2008 in
603 1942 731 2006 modum
744 1941 867 2006 deferre
884 1963 1008 2019 census,
1026 1943 1092 2027 pati
1110 1942 1164 2007 tri-

138 2040 209 2106 buta
226 2040 426 2128 adigebatur,
444 2039 478 2102 in
494 2038 571 2124 iuga
588 2036 687 2101 Tauri
704 2035 820 2100 montis
839 2035 993 2100 abscessit
1009 2035 1164 2101 locorum-

137 2157 194 2218 que
215 2136 345 2223 ingenio
367 2155 437 2199 sese
464 2142 572 2197 contra
593 2130 736 2196 imbelles
758 2130 843 2216 regis
865 2129 972 2216 copias
994 2129 1163 2207 tutabatur,

137 2229 232 2296 donec
248 2229 299 2294 M.
318 2226 494 2293 Trebellius
515 2225 638 2313 legatus
644 2272 653 2303 ‚
677 2249 696 2289 a
713 2222 856 2302 Vitellio,
879 2223 1023 2309 praeside
1042 2221 1163 2308 Syriae,

138 2331 205 2388 cum
231 2332 381 2408 quattuor
406 2319 532 2386 milibus
558 2317 801 2406 legionariorum
828 2325 859 2382 et
885 2317 1013 2383 delectis
1039 2317 1163 2384 auxiliis

138 2416 259 2496 missus,
279 2417 360 2484 duos
379 2415 466 2482 collis
484 2436 564 2499 quos
582 2412 707 2479 barbari
724 2413 957 2478 insederant-
970 2412 1082 2478 minori
1101 2411 1164 2479 Ca-

139 2509 201 2589 dra,
225 2511 316 2577 alteri
331 2509 461 2574 Davara
482 2529 599 2574 nomen
616 2517 665 2572 est
681 2545 723 2556 —-
740 2506 887 2592 operibus
911 2507 1115 2573 circumdedit
1132 2516 1164 2573 et

138 2624 296 2692 emmpere
315 2627 409 2670 ausos
426 2604 523 2681 ferro,
544 2612 662 2668 ceteros
682 2603 733 2666 siti
751 2603 792 2666 ad
809 2603 999 2668 deditionem
1016 2603 1128 2690 coegit.

195 2699 244 2764 At
257 2699 415 2764 Tiridates
427 2697 607 2764 volentibus
619 2697 746 2761 Parthis
760 2696 984 2783 Nicephorium
997 2707 1028 2762 et
1040 2697 1163 2762 Anthe-

137 2795 277 2860 musiada
290 2803 471 2878 ceterasque
485 2791 590 2871 urbes,
605 2814 685 2876 quae
699 2791 930 2858 Macedonibus
945 2794 1023 2858 sitne
1039 2790 1163 2858 Graeca

137 2889 286 2955 vocabula
298 2897 460 2975 usurpant,
479 2886 662 2971 Halumque
681 2895 712 2952 et
724 2885 923 2963 Artemitam,
942 2886 1090 2952 Parthica
1106 2909 1163 2971 op-

136 2982 218 3065 pida,
236 2983 370 3068 recepit,
393 2981 583 3048 certantibus
601 2981 718 3068 gaudio
736 2981 789 3065 qui
806 2979 1006 3044 Artabanum
1025 2977 1162 3064 Scythas

136 3076 211 3144 inter
228 3079 379 3144 eductum
400 3077 442 3144 ob
468 3076 632 3143 saevitiam
654 3075 808 3141 exsecrati
834 3095 923 3138 come
945 3073 1094 3139 Tiridatis
1115 3074 1163 3138 in-

136 3175 260 3257 genium
277 3173 437 3238 Romanas
455 3195 512 3258 per
529 3181 612 3238 artes
627 3169 805 3257 sperabant.
828 3168 998 3254 plurimum
1012 3166 1163 3232 adulatio-
1180 3169 1212 3276 ἓξ

136 3267 179 3333 nis
199 3267 408 3335 Seleucenses
425 3269 569 3346 induere,
593 3267 703 3332 civitas
721 3273 848 3351 potens,
872 3271 962 3349 septa
977 3261 1090 3340 muris,
1108 3237 1185 3328 nes
1210 3238 1218 3285 ³

137 3381 191 3446 qne
204 3365 238 3429 in
251 3363 420 3430 barbarum
433 3372 588 3450 corrupta,
609 3362 666 3428 sed
684 3359 852 3426 conditoris
868 3356 994 3426 Seleuci
1010 3358 1147 3424 retinens
1152 3383 1162 3438 ;

136 3460 261 3524 trecenti
279 3458 392 3544 opibus
410 3469 464 3524 aut
487 3458 641 3544 sapientia
662 3454 789 3534 delecti,
813 3465 848 3520 ut
864 3463 1007 3534 senatus3
1030 3477 1088 3520 sua
1105 3475 1162 3541 po-

135 3553 205 3635 pulo
222 3554 288 3632 vis3
306 3563 338 3618 et
355 3554 499 3638 quotiens
514 3551 684 3618 concordes
702 3559 816 3637 agunt,
835 3549 992 3636 spernitur
1008 3549 1160 3614 Parthus:

135 3645 184 3711 ubi
209 3647 403 3726 dissensere,
430 3649 506 3712 dum
528 3647 589 3713 sibi
610 3646 743 3731 quisque
766 3655 874 3712 contra
894 3643 1035 3710 aemulos
1059 3642 1162 3708 subsi-

135 3737 217 3806 dium
234 3750 363 3820 vooant,
382 3743 500 3808 accitus
518 3743 552 3807 in
569 3751 689 3828 partem
708 3741 875 3806 adversum
894 3759 1003 3804 omnes
1020 3735 1160 3800 valescit.

134 3832 162 3897 id
178 3859 281 3921 nuper
298 3837 454 3902 acciderat
471 3835 635 3902 Artabano
653 3843 814 3922 regnante,
832 3832 887 3915 qni
903 3829 1029 3916 plebem
1046 3827 1163 3912 primo·

134 3927 216 3995 ribus
234 3931 364 3996 tradidit
381 3953 421 3998 ex
439 3953 496 3997 suo
513 3954 589 3996 usu:
611 3953 686 3996 nam
707 3927 816 4013 populi
837 3923 1003 4009 imperium
1020 3921 1108 3985 iuxta
1124 3919 1162 3983 li-

134 4019 297 4102 bertatem,
316 4045 489 4111 pancorum
506 4025 676 4091 dominatio
693 4022 799 4106 regiae
816 4017 938 4084 libidini
958 4016 1085 4102 propior
1102 4025 1159 4080 est.

134 4125 196 4185 turn
218 4121 442 4185 adventantem
459 4119 622 4186 Tiridaten
644 4114 797 4182 extollunt
817 4120 959 4177 veterum
976 4132 1087 4197 regum
1104 4108 1161 4175 ho-

133 4215 258 4281 noribus
278 4225 310 4280 et
326 4237 407 4301 quos
424 4237 534 4282 recens
549 4223 635 4280 aetas
647 4210 767 4297 largius
784 4206 903 4272 invenit
908 4232 918 4286 ;
937 4205 1029 4271 simul
1046 4204 1161 4292 probra
