2958 4960
341 428 384 494 64
689 431 874 492 CORNELII
887 430 1022 489 TAOITl

1261 533 1282 565 a
1292 536 1314 566 u.
1323 527 1373 568 tro.

341 599 426 666 disse
441 597 602 662 inmensos
619 601 756 670 montes,
779 591 849 657 visa
865 591 899 655 in
916 591 1014 656 arduo
1031 611 1112 678 quae
1129 590 1225 677 plana
1241 591 1372 672 suerint,

341 691 498 760 effulsisse
510 689 590 754 inter
602 686 724 752 ruinam
741 686 833 772 ignes
850 694 1034 750 memorant
1057 685 1230 771 asperrima
1247 684 1282 750 in
1297 684 1374 753 Sar-

340 789 450 854 diones
463 785 532 850 lues
545 783 715 870 plurimum
731 781 765 844 iu
779 779 907 844 eosdem
920 779 1151 846 misericordiae
1169 780 1280 848 traxit:
1298 804 1372 846 nam

341 881 458 948 centies
481 877 658 944 sestertium
680 873 836 961 pollicitus
860 870 994 951 Caesar,
1021 883 1053 939 et
1075 883 1227 958 quantum
1251 875 1372 941 aerario

340 987 394 1042 aut
410 976 488 1042 fisco
504 971 683 1061 pendebant
699 970 733 1035 in
749 969 997 1053 quinquennium
1010 970 1143 1049 remisit3
1161 969 1335 1058 Magnetes
1349 995 1372 1037 a

341 1069 452 1156 Sipylo
469 1066 602 1154 proximi
620 1066 735 1130 damno
752 1085 790 1129 ac
811 1063 951 1129 remedio
967 1061 1080 1143 habiti3
1103 1064 1271 1143 Temnios,
1295 1065 1372 1131 Phi-

339 1163 556 1249 ladelpheuos,
579 1158 755 1245 Aegeatas,
782 1156 1062 1244 Apollonidenses,
1089 1158 1206 1243 quique
1228 1157 1371 1226 Mosteni

339 1269 394 1323 aut
406 1255 599 1322 Macedones
614 1252 758 1339 Hyrcani
771 1261 930 1330 vocantur,
949 1261 980 1316 et
992 1251 1278 1331 Hierocaesariam,
1297 1253 1371 1340 My·

338 1352 452 1430 mnam,
480 1348 618 1435 Cymen,
646 1346 796 1412 Tmolum
817 1345 915 1410 levari
935 1345 1020 1410 idem
1042 1346 1076 1411 in
1097 1356 1221 1432 tempus
1243 1347 1369 1413 tributis

338 1445 480 1529 mittique
502 1464 542 1508 cx
564 1451 675 1508 senatu
695 1439 813 1526 placuit
834 1439 889 1524 qui
910 1439 1087 1525 praesentia
1109 1449 1266 1527 spectaret
1288 1443 1370 1508 reso·

338 1547 500 1622 voratque3
526 1535 665 1601 delectus
688 1544 736 1600 est
757 1533 805 1598 M.
828 1532 955 1598 Aletius
983 1555 1000 1598 e
1022 1534 1199 1619 praetoriis,
1227 1557 1269 1600 ne
1297 1557 1370 1601 cou-

339 1631 433 1697 sulari
450 1629 609 1696 obtinente
626 1627 740 1695 Asiam
757 1627 925 1693 aemulatio
941 1627 1130 1714 interponas
1148 1637 1179 1694 et
1196 1651 1237 1694 ex
1255 1651 1294 1695 eo
1312 1630 1371 1694 im·

337 1726 551 1812 pedimentum
569 1732 716 1790 oreretur.

288 1841 320 1890 ts
402 1818 607 1906 Magnificam
619 1815 653 1881 in
664 1816 826 1902 publicum
838 1816 1036 1903 largitionem
1049 1817 1137 1882 auxit
1150 1816 1272 1883 Caesar
1284 1817 1372 1883 haud

337 1914 441 1980 minus
459 1921 550 2000 grata
570 1911 769 1989 liberalitate,
792 1911 878 1994 quod
895 1910 979 1976 bona
995 1908 1151 1995 Aemiliae
1168 1909 1300 1990 Musae,
1324 1911 1371 1978 lo-

339 2008 470 2095 cupletis
484 2007 658 2084 intestatae,
675 2005 774 2092 petito
785 2006 819 2069 in
831 2005 953 2083 fiscmn,
971 2003 1109 2072 Aemilio
1122 2006 1258 2092 Lepido,
1278 2007 1370 2072 onius

339 2127 356 2170 e
374 2105 468 2169 domo
486 2101 663 2180 ridebatur,
683 2109 714 2166 et
730 2100 868 2178 Patulei,
887 2099 992 2165 divitis
1011 2099 1124 2184 equitis
1142 2099 1294 2178 Romani,
1314 2099 1370 2165 he·

337 2197 514 2274 reditatem,
533 2217 722 2279 quamquam
739 2195 808 2281 ipso
825 2193 916 2260 heres
933 2192 967 2258 iu
982 2203 1072 2280 parte
1089 2193 1254 2280 legeretur,
1273 2195 1371 2260 uadi·

338 2292 384 2357 dit
405 2289 452 2354 M.
471 2287 625 2380 Servilio,
652 2310 745 2372 quem
766 2287 922 2373 prioribus
945 2308 1047 2372 neque
1074 2287 1228 2373 suspectis
1251 2286 1369 2353 tabulis

339 2385 488 2470 seriptum
514 2391 721 2468 compererat,
751 2382 947 2449 nobilitatem
972 2381 1136 2467 utriusque
1160 2382 1296 2469 pecunia
1320 2383 1369 2448 iu-

337 2477 472 2542 vandam
484 2477 654 2561 praefatus.
677 2496 779 2560 neque
792 2476 997 2542 hereditatem
1012 2476 1198 2560 cuiusquam
1215 2476 1293 2542 adiit
1306 2477 1369 2542 nisi

337 2594 410 2636 cum
436 2569 573 2635 amicitia
597 2570 777 2635 memisset:
804 2570 930 2656 ignotos
953 2578 985 2635 et
1006 2569 1075 2635 aliis
1101 2568 1242 2634 infensos
1264 2591 1369 2654 eoque
1416 2624 1425 2640 ,

336 2664 508 2751 principem
526 2672 742 2749 nuncupantes
763 2664 873 2749 procul
895 2662 1030 2730 arcebat.
1057 2672 1195 2728 ceterum
1212 2671 1249 2727 ut
1269 2662 1370 2729 hone·

337 2769 418 2825 stam
436 2757 648 2823 innocentium
664 2767 882 2844 paupertatem
897 2758 1028 2836 levavit,
1046 2757 1091 2823 ito
1107 2757 1257 2843 prodigos
1276 2766 1309 2822 et
1326 2757 1369 2823 ob

336 2854 455 2941 flagitia
476 2863 619 2941 egentes,
642 2853 807 2921 Vibidium
828 2853 1017 2931 Varronem,
1039 2851 1179 2920 Marium
1200 2853 1368 2939 Nepotem,

336 2948 479 3035 Appium
508 2948 705 3035 Appianum,
738 2947 921 3016 Cornelium
949 2946 1086 3027 Sullam,
1118 2943 1161 3031 Q,
1191 2946 1367 3028 Vitellium,

336 3043 435 3110 movit
453 3053 562 3109 senatu
581 3053 635 3110 aut
653 3052 764 3129 sponte
782 3042 892 3109 cedere
909 3065 1023 3129 passus
1042 3052 1100 3108 est

285 3161 318 3210 49
401 3137 508 3203 Isdem
525 3138 718 3224 temporibus
737 3139 833 3204 deum
850 3137 943 3203 aedes
961 3145 1118 3203 vetustate
1135 3145 1190 3201 aut
1206 3134 1273 3222 igni
1291 3135 1370 3204 abo-

332 3231 406 3298 litas
430 3241 620 3316 coeptasque
642 3231 681 3296 ab
704 3230 854 3318 Augusto
877 3230 1045 3309 dedicavit,
1072 3230 1192 3296 Libero
1213 3229 1369 3296 Liberae-

336 3347 397 3408 que
415 3333 447 3389 et
461 3323 569 3390 Cereri
582 3326 670 3389 iuxta
683 3325 799 3390 circum
817 3325 999 3402 maximum,
1018 3346 1113 3408 quam
1125 3321 1168 3389 A.
1182 3323 1368 3412 Postumius

336 3418 467 3482 dictator
484 3428 621 3496 voverat,
640 3419 813 3502 eodemque
830 3419 864 3483 in
880 3418 950 3484 loeo
968 3420 1077 3484 aedem
1095 3418 1218 3496 Florae,
1238 3417 1278 3483 ab
1297 3419 1369 3484 Lu·

336 3510 384 3575 cio
415 3518 446 3574 et
471 3507 584 3576 Marco
612 3509 764 3576 Publiciis
796 3511 949 3578 aedilibus
980 3513 1197 3590 constitutam,
1228 3521 1261 3577 et
1286 3511 1369 3578 Iano

336 3604 496 3691 templum,
520 3605 605 3689 quod
623 3606 707 3692 apud
725 3605 828 3672 forum
846 3607 1003 3672 olitorium
1022 3605 1061 3674 C.
1079 3606 1224 3672 Duellius
1243 3615 1368 3672 surane-

335 3709 397 3779 rat,
428 3699 483 3783 qui
511 3699 632 3786 primus
662 3723 730 3766 rem
765 3700 941 3766 Romanam
971 3721 1121 3788 prospere
1150 3700 1231 3766 mari
1265 3701 1368 3788 gessit

336 3795 590 3882 triumphumque
617 3795 762 3861 navalem
789 3795 829 3860 de
855 3794 972 3861 Poenis
999 3796 1127 3874 meruit3
1160 3793 1239 3881 Spei
1270 3796 1366 3860 aedes

336 3914 356 3956 a
380 3888 568 3957 Germanico
595 3899 749 3958 sacratur:
775 3889 857 3956 hanc
883 3886 925 3954 A.
953 3888 1072 3956 Atilius
1098 3898 1228 3955 voverat
1254 3888 1366 3954 eodem

336 3983 428 4050 bello.
1263 4023 1269 4032 ·

286 4093 319 4143 to
399 4075 612 4145 Adolescebat
633 4079 826 4146 interealcx
847 4077 1034 4158 maiestatis3
1057 4087 1089 4144 et
1110 4076 1282 4164 Apuleiam
1300 4075 1366 4142 Va·

334 4169 446 4247 rillam,
465 4171 580 4238 sororis
593 4171 734 4262 Augusti
747 4183 882 4260 neptem,
901 4171 975 4257 quia
987 4171 1148 4259 probrosis
1167 4168 1364 4238 sermonibus
