3042 4956
446 434 730 494 nnrnnmunnr
753 437 820 494 xn.
836 438 956 495 ar-so.
1147 429 1212 524 213

180 528 254 580 pach.
264 530 298 569 5⁰.
338 545 341 552 ’

180 596 355 683 ambiguis,
384 595 451 662 sire
474 604 579 660 amoto
601 593 769 672 Carataco,
796 597 886 680 quasi
908 596 1098 664 debellatum
1119 595 1210 680 foret,

180 692 284 755 minus
297 691 420 754 intenta
432 689 517 775 apud
529 711 586 754 nos
600 689 711 754 militia
723 689 793 767 suit,
812 690 878 756 sive
891 690 998 758 hostes
1013 693 1210 760 miseratione

179 787 257 850 tanti
274 786 361 872 regis
374 785 477 850 acrius
490 784 532 849 ad
545 783 694 848 ultionem
706 807 859 850 exarsere.
881 786 1077 871 praefectum
1094 798 1211 854 castro-

178 903 249 944 rum
267 889 301 944 et
316 879 505 966 legionarias
523 879 666 943 cohortes
684 879 864 944 extruendis
883 881 968 966 apud
981 879 1103 946 Siluras
1121 904 1211 967 prae-

179 974 268 1038 sidiis
286 973 412 1038 relictas
431 972 694 1049 circumfundunt,
714 995 751 1036 ac
768 973 802 1036 ni
818 973 887 1038 citis
905 975 1021 1040 nuntiis
1040 997 1057 1039 e
1075 976 1210 1040 castellis

178 1067 333 1152 proximis
356 1066 544 1131 subventum
565 1066 648 1131 foret
669 1067 829 1150 copiarum
851 1067 1020 1145 obsidioni,
1043 1067 1212 1134 obcubuis-

179 1171 264 1240 sent3
289 1160 468 1246 praefectus
487 1168 592 1225 tamen
610 1169 641 1224 et
658 1169 729 1224 octo
747 1161 943 1226 centuriones
961 1183 998 1226 ac
1014 1163 1211 1248 promptissi-

178 1277 251 1319 mus
269 1255 403 1338 quisque
421 1277 438 1320 e
456 1253 623 1339 manipulis
642 1253 792 1319 cecidere.

243 1349 312 1414 Nec
335 1349 433 1414 multo
453 1358 527 1434 post
547 1348 726 1434 pabulantis
748 1361 871 1414 nostros
895 1347 1010 1436 [ipsos]
1034 1350 1211 1434 missasque
1229 1369 1261 1418 ss

181 1443 224 1508 ad
247 1442 423 1508 subsidium
448 1453 567 1508 turmas
592 1441 774 1528 profligant:
801 1452 868 1508 tum
891 1441 1039 1510 Ostorius
1066 1443 1210 1510 cohortes

179 1538 343 1622 expeditas
365 1538 524 1623 opposuit3
546 1558 605 1601 nec
621 1537 693 1602 ideo
715 1537 825 1623 fugam
847 1537 991 1616 sistebat,
1014 1540 1048 1604 ni
1068 1538 1209 1626 legiones

177 1631 334 1716 proelium
351 1631 561 1716 excepissent:
585 1653 693 1696 earum
709 1631 820 1696 robore
842 1642 974 1716 aequata
991 1655 1112 1719 pugna,
1136 1633 1209 1701 dein

178 1724 272 1790 nobis
290 1747 347 1811 pro
365 1725 492 1790 meliore
510 1725 583 1804 fuit;
602 1725 742 1811 effugere
759 1725 866 1791 hostes
884 1726 970 1790 tenui
987 1728 1116 1804 damno,
1135 1728 1210 1812 quia

179 1818 351 1882 inclinabat
368 1819 445 1883 dies.
468 1817 577 1883 crebra
593 1819 666 1883 hinc
684 1820 814 1903 proelia,
838 1829 870 1884 et
888 1821 1013 1906 saepius
1030 1821 1063 1884 in
1080 1823 1209 1885 modum

178 1913 334 1978 latrocinii
349 1935 406 1998 per
423 1913 535 1991 saltus,
557 1936 614 1999 per
630 1914 777 1999 paludes3
799 1924 835 1978 ut
852 1916 965 1998 cuique
987 1913 1054 1980 sors
1077 1925 1131 1980 aut
1148 1917 1210 1978 vir-

180 2017 247 2084 tus,
271 2015 401 2084 temere,
419 2008 560 2092 provisu;
583 2008 624 2073 ob
642 2009 735 2085 iram,
758 2008 799 2073 ob
816 2009 981 2093 praedam,
999 2008 1089 2072 iussu
1106 2017 1137 2072 et
1155 2009 1211 2072 ali-

178 2100 307 2184 quando
323 2101 441 2186 ignaris
459 2101 606 2179 ducibus,
631 2099 698 2187 [sc]
722 2102 891 2186 praecipua
909 2099 1049 2166 Silurum
1070 2100 1215 2186 pervica'

178 2195 242 2272 cia,
264 2216 345 2279 quos
363 2196 552 2261 accendebat
568 2196 698 2280 vulgata
715 2195 910 2280 imperatoris
927 2194 1063 2258 Romani
1080 2216 1157 2271 vox,
1175 2203 1210 2258 ut

180 2290 340 2372 quondam
354 2287 525 2375 Sugambri
538 2291 636 2354 excisi
654 2299 708 2354 aut
720 2290 754 2353 in
768 2287 889 2354 Gallias
903 2288 1023 2352 traiecti
1037 2286 1147 2365 forent,
1166 2289 1210 2354 ita

179 2381 321 2446 Silurum
343 2405 457 2448 nomen
477 2383 602 2468 penitus
620 2375 882 2470 extinguendum
904 2382 1000 2468 igitur
1020 2382 1099 2446 duas
1121 2381 1210 2446 auxi-

178 2476 271 2541 liares
289 2476 433 2542 cohortes
451 2477 581 2542 avaritia
602 2478 830 2561 praefectorum
848 2476 1003 2543 incautius
1021 2474 1208 2562 populantes

178 2568 384 2655 intercepere3
403 2571 564 2657 spoliaque
577 2581 608 2636 et
621 2572 761 2656 captivos
774 2572 935 2658 largiendo
950 2580 1069 2637 ceteras
1083 2591 1208 2655 quoque

179 2664 321 2730 nationes
344 2665 386 2728 ad
406 2665 614 2730 defectionem
636 2666 813 2744 trahebant,
841 2689 914 2731 cum
934 2665 1037 2730 taedio
1063 2687 1209 2729 curarum

178 2757 283 2822 fessus
303 2757 450 2824 Ostorius
473 2760 629 2825 concessit
650 2761 728 2838 rita,
751 2761 842 2826 laetis
864 2759 1033 2837 hostibus‚'
1046 2768 1207 2842 tamquam

178 2853 292 2918 ducem
309 2852 395 2918 baud
412 2855 623 2939 spernendum
640 2855 699 2920 etsi
716 2877 780 2920 non
796 2854 964 2940 proelium,
988 2863 1020 2917 at
1041 2861 1124 2917 certe
1142 2851 1209 2916 bel·

177 2945 244 3011 lum
262 2947 502 3033 absumpsisset

241 3040 289 3105 At
307 3041 427 3108 Caesar
443 3045 570 3130 cognita
585 3052 686 3108 morte
703 3043 814 3129 legati,
835 3064 876 3107 ne
893 3041 1054 3126 provincia
1075 3041 1142 3106 sine
1160 3061 1208 3103 re-
1226 3060 1260 3106 ro

177 3143 263 3198 ctore
281 3135 375 3214 soret,
393 3135 436 3202 A.
453 3137 586 3202 Didium
604 3138 742 3215 suffecit3
761 3137 788 3202 is
806 3158 936 3222 propere
954 3144 1063 3199 vectus
1082 3157 1145 3198 non
1162 3143 1209 3196 ta-

178 3251 251 3291 men
268 3229 405 3316 integras
422 3255 472 3298 res
490 3234 622 3311 invenit,
645 3233 778 3298 adversa
799 3231 924 3296 interim
945 3229 1077 3316 legionis
1100 3251 1209 3315 pugna

178 3321 230 3384 cui
242 3321 382 3390 Manlius
397 3325 515 3391 Valens
529 3336 685 3412 praeerat3
704 3335 857 3410 auctaque
872 3333 903 3390 et
916 3325 1001 3410 apud
1013 3323 1120 3389 hostes
1140 3322 1207 3388 eius

177 3415 223 3478 rei
240 3414 334 3494 fama,
352 3439 416 3501 quo
432 3419 609 3484 venientem
623 3421 735 3486 ducem
749 3429 949 3497 exterrerent,
968 3439 1063 3503 acque
1080 3419 1134 3486 illo
1152 3440 1208 3482 au-

178 3518 272 3593 gente
290 3511 404 3590 autlita,
423 3522 459 3578 ut
476 3515 575 3579 maior
587 3516 655 3581 laus
674 3515 865 3602 compositis,
884 3515 935 3579 vel
953 3515 980 3580 si
998 3514 1206 3589 duravissent,

178 3601 271 3666 venia
284 3602 393 3669 iustior
406 3605 600 3672 tribueretur.
626 3607 746 3674 Silures
764 3609 798 3675 id
815 3631 939 3693 quoque
957 3609 1108 3672 damnum
1124 3608 1208 3669 intu-

176 3694 277 3760 lerant
282 3721 291 3774 ;
308 3697 432 3782 lateque
444 3700 670 3785 persultabant,
688 3702 788 3767 donec
806 3704 941 3768 adcursu
953 3699 1044 3764 Didii
1056 3698 1207 3782 pelleren-

177 3798 237 3856 tur.
265 3792 322 3855 sed
343 3802 415 3877 post
437 3805 564 3879 captum
586 3794 777 3860 Caratacum
800 3795 988 3880 praecipuus
1011 3790 1141 3856 scientia
1161 3790 1207 3852 rei

176 3882 319 3948 militaris
336 3885 507 3965 Venutius,
527 3911 544 3952 c
561 3890 753 3974 Brigantum
771 3889 906 3963 civitate,
924 3896 959 3948 ut
978 3907 1073 3968 supra
1090 3905 1207 3946 memo-

176 3975 259 4052 ravi,
280 3977 425 4062 fidusque
442 3982 498 4045 diu
515 3992 546 4046 et
563 3983 716 4046 Romanis
734 3981 829 4045 armis
848 3979 1012 4055 defensus,
1037 3999 1109 4040 cum
1129 3974 1206 4039 Car-

177 4069 370 4135 timanduam
391 4075 534 4159 reginam
555 4073 753 4140 matrimonio
771 4081 904 4149 teneret3
927 4094 1001 4134 mox
1024 4079 1091 4135 orto
1112 4068 1206 4133 disci-

177 4162 229 4228 dio
247 4171 279 4228 et
300 4166 407 4232 statim
428 4167 510 4236 bello
532 4170 626 4236 etiam
648 4167 799 4234 adversus
822 4188 879 4232 nos
902 4164 1027 4230 hostilia
1048 4163 1205 4240 induerat;
