3042 4956
409 449 617 509 ANNALIUM
635 451 708 508 LIB.
723 453 804 508 XIII.
823 453 942 510 30-35.
1124 444 1185 510 241

161 544 318 596 amma

161 637 192 679 se
214 614 253 677 de
271 609 436 675 Britannis
459 609 589 686 rettulit,
613 619 711 694 nupta
732 631 769 674 ac
792 611 1020 696 superstitionis
1042 624 1188 681 externae

159 730 223 784 rea,
246 705 354 770 mariti
376 703 491 769 iudicio
513 703 680 789 permissa3
703 704 792 788 isque
814 706 918 789 prisco
941 707 1095 786 instituto,
1117 732 1189 795 pro-

159 801 283 887 pinquis
303 821 420 876 coram,
439 798 593 883 decapite
607 797 910 885 famaqueconiugis
929 803 1076 887 cognovit
1093 813 1125 866 et
1141 804 1188 868 in-

159 905 281 960 sontem
294 892 464 969 nuntiavit3
482 891 578 977 longa
591 890 664 956 huie
676 890 871 977 Pomponiae
889 904 975 959 actas
994 905 1026 958 ct
1043 896 1189 961 continua

158 989 283 1053 tristitia
300 987 375 1050 fuit:
398 1009 471 1051 nam
488 995 561 1072 post
578 984 706 1064 Iuliam,
728 986 829 1052 Drusi
845 987 955 1066 filiam,
975 989 1047 1055 dolo
1064 988 1189 1055 Messa·

157 1083 238 1146 linae
256 1079 457 1145 interfectam
473 1102 530 1164 per
542 1079 750 1164 quadraginta
763 1102 861 1145 annos
880 1103 943 1145 non
961 1081 1047 1146 cultu
1063 1083 1124 1147 nisi
1141 1083 1189 1148 lu-

156 1175 265 1261 gubri,
289 1196 354 1238 non
371 1173 475 1237 animo
492 1173 553 1238 nisi
575 1183 695 1237 maesto
714 1174 792 1260 egit,
815 1175 909 1258 idque
926 1175 972 1240 illi
992 1177 1189 1262 imperitante

159 1268 295 1334 Claudio
313 1268 443 1352 inpune,
462 1288 538 1332 mox
555 1267 595 1331 ad
612 1265 745 1352 gloriam
762 1269 863 1332 vertit.

221 1363 316 1427 Idem
338 1383 438 1426 annus
459 1360 565 1446 plures
587 1382 659 1425 reos
681 1359 804 1438 babuit,
827 1384 960 1445 qnorum
982 1363 1020 1428 P.
1045 1363 1188 1430 Celerem
1206 1388 1238 1435 33

158 1465 328 1522 accusante
349 1453 444 1532 Asia,
472 1455 546 1538 quia
574 1452 736 1519 absolvere
763 1456 912 1539 nequibat
934 1456 1067 1536 Caesar,
1095 1459 1188 1523 traxit

158 1559 287 1616 senecta
299 1550 400 1614 donec
412 1558 543 1614 mortem
558 1547 671 1626 obiret3
690 1572 764 1614 nam
778 1548 872 1616 Celer
883 1551 1057 1630 interfecto,
1075 1562 1110 1618 ut
1122 1576 1188 1618 me-

158 1644 289 1722 moravi,
310 1641 419 1709 Silano
436 1642 622 1729 proconsule
635 1644 850 1729 magnitudine
869 1646 994 1712 sceleris
1012 1657 1115 1712 cetera
1132 1648 1188 1714 fla

158 1738 236 1825 gitis
245 1736 422 1824 obtegebat.
443 1736 668 1802 Cossutianum
678 1736 864 1822 Capitonem
874 1738 989 1806 Cilices
1003 1742 1186 1819 detulerant,

96 1903 106 1921 ι
158 1833 355 1898 maculosum
378 1831 568 1915 foedumque
587 1841 618 1896 et
634 1831 718 1896 idem
736 1832 785 1898 ius
808 1833 957 1899 audaciae
974 1835 1007 1899 in
1028 1836 1192 1921 provincia

157 1936 262 1991 ratum
279 1925 364 2008 quod
380 1925 414 1988 in
430 1925 508 1991 urbe
526 1935 707 1990 exercuerat
712 1950 720 2002 ;
745 1926 801 1990 sed
817 1927 973 2010 pervicaci
990 1929 1188 1993 accusatione

159 2021 354 2085 conflictatus
372 2030 531 2105 postremo
549 2019 764 2084 defensionem
779 2020 883 2084 omisit
901 2041 938 2084 ac
955 2020 1025 2104 lege
1042 2031 1188 2106 repetun-

158 2115 271 2178 darum
289 2113 454 2179 damnatus
473 2123 530 2178 est.
553 2135 610 2199 pro
624 2113 724 2199 Eprio
737 2111 899 2190 Marcello,
919 2133 1012 2196 aquo
1025 2113 1120 2198 Lycii
1136 2135 1187 2178 res

157 2207 356 2293 repetebant,
379 2229 417 2272 eo
434 2229 535 2292 usque
554 2207 690 2273 ambitus
708 2206 882 2292 praevaluit
900 2216 934 2271 ut
951 2207 1078 2290 quidam
1097 2229 1188 2272 accu-
1286 2223 1291 2232 “

158 2312 298 2366 satorum
316 2301 384 2366 einr
403 2301 495 2366 exilio
513 2301 730 2379 multarentm,
755 2317 914 2386 tamquam
932 2301 1049 2367 insonti
1066 2301 1188 2387 perieu-

157 2396 225 2460 lum
243 2394 401 2460 fecissent.

222 2488 350 2554 Nnnoan
374 2513 499 2554 resnou
521 2489 649 2554 consule
668 2490 760 2556 simul
777 2490 846 2558 iniit
868 2490 1064 2556 consulatum
1082 2489 1187 2580 Vann—
1206 2509 1238 2556 3-1

157 2607 222 2648 runs
239 2582 404 2661 Messene,
427 2584 516 2648 cuius
538 2607 703 2669 proavum,
727 2595 881 2652 oratorem
904 2585 1090 2664 Corvinum,
1113 2586 1187 2651 divo

156 2676 318 2764 Augusto,
338 2677 438 2742 abavo
450 2677 595 2756 Neronis,
614 2678 767 2764 collegam
780 2680 812 2744 in
831 2703 868 2744 eo
885 2681 1070 2766 magistratu
1088 2679 1187 2744 fuisse

156 2772 251 2858 pauci
272 2772 336 2838 iam
358 2794 468 2836 senum
491 2772 708 2850 meminerant3
733 2773 789 2837 sed
811 2773 908 2838 nobili
929 2775 1066 2844 familiae
1088 2773 1188 2838 honor

158 2875 270 2930 auctus
293 2874 341 2930 est
363 2864 475 2930 oblatis
497 2865 531 2929 in
553 2864 693 2951 singulos
716 2889 815 2930 annos
838 2867 1003 2950 quingenis
1026 2868 1186 2944 sestertiis,

157 2959 273 3042 quibus
291 2957 434 3024 Messala
450 2968 665 3044 paupertatem
683 2960 842 3024 innoxiam
861 2968 1057 3023 sustentaret.
1084 2957 1188 3023 Aure-

157 3054 199 3118 lio
218 3075 342 3136 quoque
362 3052 473 3120 Cottae
492 3064 523 3118 et
540 3053 673 3118 Haterio
691 3051 852 3116 Antonino
871 3075 1005 3116 annuam
1023 3052 1188 3135 pecuniam

159 3149 268 3214 statuit
276 3149 432 3234 princeps,
441 3148 584 3231 quamvis
593 3169 651 3232 per
658 3146 767 3210 luxum
777 3145 876 3210 avitas
886 3166 962 3230 opes
972 3143 1187 3227 dissipassent.

223 3242 305 3308 Eius
328 3243 401 3308 anni
422 3243 573 3328 principio
595 3241 741 3307 mollibus
764 3241 867 3305 adhuc
884 3240 979 3305 initiis
1001 3238 1188 3324 prolatatum

158 3337 239 3401 inter
256 3336 392 3401 Parthos
410 3336 633 3420 Romanosque
655 3337 695 3400 de
713 3334 881 3399 obtinenda
898 3333 1050 3398 Armenia
1071 3331 1188 3396 bellum

158 3431 271 3496 acriter
288 3430 434 3508 sumitur,
457 3431 531 3514 quia
547 3453 606 3495 nec
623 3429 799 3516 Vologeses
818 3429 939 3494 sinebat
961 3429 1088 3493 fratrem
1107 3426 1189 3492 Tiri-

159 3525 254 3590 daten
271 3526 337 3590 dati
354 3549 374 3590 a
391 3548 426 3590 se
443 3525 533 3610 regni
551 3534 709 3611 expertem
732 3547 802 3590 esse
820 3535 875 3589 aut
892 3524 1011 3588 abenas
1029 3523 1062 3587 id
1079 3533 1189 3607 poten-

159 3620 221 3684 tiae
244 3620 361 3684 donum
383 3619 512 3696 habere,
537 3630 568 3684 et
587 3617 726 3684 Corbulo
748 3619 878 3705 dignum
900 3617 1115 3703 magnitudine
1132 3637 1188 3698 po-

159 3712 226 3797 puli
247 3712 385 3779 Romani
409 3712 536 3778 rebatur
562 3722 651 3798 parta
676 3713 751 3778 olim
773 3736 793 3778 a
814 3711 951 3775 Lucullo
973 3708 1188 3792 Pompeioque

159 3807 307 3891 recipere.
336 3807 377 3871 ad
394 3806 455 3872 hoc
472 3804 617 3874 Armenii
635 3806 783 3891 ambigua
804 3805 866 3868 fide
884 3813 1016 3884 utraque
1038 3822 1125 3864 arma
1142 3799 1189 3862 in-

158 3900 314 3978 vitabant,
338 3901 401 3965 situ
418 3909 583 3978 terrarum,
606 3900 808 3966 similitudine
829 3918 952 3960 morum
970 3892 1096 3960 Parthis
1118 3913 1189 3976 pro-

159 3995 263 4080 piores
278 3995 506 4078 connubiisqne
519 3995 674 4080 permixti,
694 4016 731 4059 ao
744 3991 887 4056 libertate
904 3990 1012 4074 ignota
1029 3986 1107 4050 illud
1124 4008 1190 4049 ma-

158 4089 208 4175 gis
227 4090 269 4153 ad
287 4090 449 4153 servitium
466 4089 659 4154 inclinantes.

226 4181 292 4249 Sed
312 4182 484 4249 Corbuloni
506 4184 577 4269 plus
595 4181 687 4246 molis
711 4180 862 4244 adversus
880 4175 1039 4264 ignaviam
1056 4174 1189 4240 militum
1208 4194 1239 4241 aa

214 4301 285 4345 racia
296 4302 336 4344 aa.
349 4299 364 4343 1.
979 4286 1016 4342 16
