<?xml version="1.0" encoding="UTF-8"?>
<!DOCTYPE html PUBLIC "-//W3C//DTD XHTML 1.0 Transitional//EN"
    "http://www.w3.org/TR/xhtml1/DTD/xhtml1-transitional.dtd">
<html xmlns="http://www.w3.org/1999/xhtml" xml:lang="en" lang="en">
 <head>
  <title>
</title>
<meta http-equiv="Content-Type" content="text/html;charset=utf-8" />
  <meta name='ocr-system' content='tesseract 3.04.00' />
  <meta name='ocr-capabilities' content='ocr_page ocr_carea ocr_par ocr_line ocrx_word'/>
</head>
<body>
  <div class='ocr_page' id='page_1' title='image "./corneliitacitio00haasgoog_0166.png"; bbox 0 0 2960 4962; ppageno 0'>
   <div class='ocr_carea' id='block_1_1' title="bbox 105 381 1126 533">
    <p class='ocr_par' dir='ltr' id='par_1_1' title="bbox 105 381 1126 533">
     <span class='ocr_line' id='line_1_1' title="bbox 366 381 1126 449; baseline -0.001 0"><span class='ocrx_word' id='word_1_1' title='bbox 366 387 572 449; x_wconf 80' lang='lat' dir='ltr'>ANNALIUM</span> <span class='ocrx_word' id='word_1_2' title='bbox 588 389 664 445; x_wconf 87' lang='lat' dir='ltr'><strong>LIB.</strong></span> <span class='ocrx_word' id='word_1_3' title='bbox 678 390 731 446; x_wconf 90' lang='lat'>111.</span> <span class='ocrx_word' id='word_1_4' title='bbox 750 391 870 447; x_wconf 78' lang='lat'>17-20.</span> <span class='ocrx_word' id='word_1_5' title='bbox 1084 381 1126 448; x_wconf 85' lang='grc'>89</span> 
     </span>
     <span class='ocr_line' id='line_1_2' title="bbox 105 481 214 533; baseline -0.009 -10"><span class='ocrx_word' id='word_1_6' title='bbox 105 481 214 533; x_wconf 65' lang='lat' dir='ltr'>scaro.</span> 
     </span>
    </p>
   </div>
   <div class='ocr_carea' id='block_1_2' title="bbox 99 547 1178 2515">
    <p class='ocr_par' dir='ltr' id='par_1_2' title="bbox 99 547 1128 1011">
     <span class='ocr_line' id='line_1_3' title="bbox 102 547 1128 637; baseline 0.004 -23"><span class='ocrx_word' id='word_1_7' title='bbox 102 551 224 614; x_wconf 89' lang='lat' dir='ltr'>Pisonis</span> <span class='ocrx_word' id='word_1_8' title='bbox 242 548 421 614; x_wconf 89' lang='lat' dir='ltr'>radendum</span> <span class='ocrx_word' id='word_1_9' title='bbox 438 547 529 612; x_wconf 82' lang='lat' dir='ltr'>fastis</span> <span class='ocrx_word' id='word_1_10' title='bbox 548 547 682 625; x_wconf 88' lang='lat' dir='ltr'>censuit,</span> <span class='ocrx_word' id='word_1_11' title='bbox 704 556 827 632; x_wconf 87' lang='lat' dir='ltr'>partem</span> <span class='ocrx_word' id='word_1_12' title='bbox 850 547 1003 616; x_wconf 90' lang='lat' dir='ltr'>bonorum</span> <span class='ocrx_word' id='word_1_13' title='bbox 1023 550 1128 637; x_wconf 83' lang='lat' dir='ltr'>publi-</span> 
     </span>
     <span class='ocr_line' id='line_1_4' title="bbox 101 640 1127 731; baseline 0.002 -23"><span class='ocrx_word' id='word_1_14' title='bbox 101 644 245 721; x_wconf 85' lang='lat' dir='ltr'>eandam,</span> <span class='ocrx_word' id='word_1_15' title='bbox 265 666 341 728; x_wconf 88' lang='lat' dir='ltr'>pars</span> <span class='ocrx_word' id='word_1_16' title='bbox 358 652 395 708; x_wconf 91' lang='lat' dir='ltr'>ut</span> <span class='ocrx_word' id='word_1_17' title='bbox 413 640 472 707; x_wconf 85' lang='lat' dir='ltr'>Cn.</span> <span class='ocrx_word' id='word_1_18' title='bbox 486 641 596 706; x_wconf 90' lang='lat' dir='ltr'>Pisoni</span> <span class='ocrx_word' id='word_1_19' title='bbox 611 642 677 707; x_wconf 87' lang='lat' dir='ltr'>filio</span> <span class='ocrx_word' id='word_1_20' title='bbox 694 643 916 710; x_wconf 77' lang='lat' dir='ltr'><strong>concederetur</strong></span> <span class='ocrx_word' id='word_1_21' title='bbox 931 645 1020 728; x_wconf 91' lang='lat' dir='ltr'>isque</span> <span class='ocrx_word' id='word_1_22' title='bbox 1037 669 1127 731; x_wconf 87' lang='lat' dir='ltr'>prae-</span> 
     </span>
     <span class='ocr_line' id='line_1_5' title="bbox 101 735 1128 824; baseline 0.002 -22"><span class='ocrx_word' id='word_1_23' title='bbox 101 761 210 802; x_wconf 81' lang='lat' dir='ltr'><strong>nomen</strong></span> <span class='ocrx_word' id='word_1_24' title='bbox 227 747 383 814; x_wconf 83' lang='lat' dir='ltr'>mutaret3</span> <span class='ocrx_word' id='word_1_25' title='bbox 401 735 449 800; x_wconf 91' lang='lat' dir='ltr'>M.</span> <span class='ocrx_word' id='word_1_26' title='bbox 468 735 545 802; x_wconf 90' lang='lat' dir='ltr'>Piso</span> <span class='ocrx_word' id='word_1_27' title='bbox 563 745 658 800; x_wconf 86' lang='lat' dir='ltr'>exuta</span> <span class='ocrx_word' id='word_1_28' title='bbox 675 736 825 824; x_wconf 80' lang='lat' dir='ltr'>dignitate</span> <span class='ocrx_word' id='word_1_29' title='bbox 843 747 874 802; x_wconf 88' lang='lat' dir='ltr'>et</span> <span class='ocrx_word' id='word_1_30' title='bbox 892 748 1020 824; x_wconf 87' lang='lat' dir='ltr'>accepto</span> <span class='ocrx_word' id='word_1_31' title='bbox 1037 740 1128 824; x_wconf 92' lang='lat' dir='ltr'>quin-</span> 
     </span>
     <span class='ocr_line' id='line_1_6' title="bbox 100 829 1128 920; baseline 0.002 -24"><span class='ocrx_word' id='word_1_32' title='bbox 100 831 227 917; x_wconf 89' lang='lat' dir='ltr'>quagies</span> <span class='ocrx_word' id='word_1_33' title='bbox 257 831 403 896; x_wconf 84' lang='lat' dir='ltr'>sestertio</span> <span class='ocrx_word' id='word_1_34' title='bbox 427 830 596 920; x_wconf 86' lang='lat' dir='ltr'>indecem</span> <span class='ocrx_word' id='word_1_35' title='bbox 622 853 720 894; x_wconf 90' lang='lat' dir='ltr'>annos</span> <span class='ocrx_word' id='word_1_36' title='bbox 748 829 952 917; x_wconf 75' lang='lat' dir='ltr'>relegaretur,</span> <span class='ocrx_word' id='word_1_37' title='bbox 979 853 1128 898; x_wconf 88' lang='lat' dir='ltr'>concessa</span> 
     </span>
     <span class='ocr_line' id='line_1_7' title="bbox 99 922 883 1011; baseline 0.003 -23"><span class='ocrx_word' id='word_1_38' title='bbox 99 925 271 990; x_wconf 77' lang='lat' dir='ltr'>Plancinae</span> <span class='ocrx_word' id='word_1_39' title='bbox 287 923 502 989; x_wconf 76' lang='lat' dir='ltr'>incolumitate</span> <span class='ocrx_word' id='word_1_40' title='bbox 520 922 561 988; x_wconf 95' lang='lat' dir='ltr'>ob</span> <span class='ocrx_word' id='word_1_41' title='bbox 579 946 688 1011; x_wconf 79' lang='lat' dir='ltr'>preces</span> <span class='ocrx_word' id='word_1_42' title='bbox 705 923 883 1010; x_wconf 82' lang='lat' dir='ltr'>Augustae.</span> 
     </span>
    </p>

    <p class='ocr_par' dir='ltr' id='par_1_3' title="bbox 100 1017 1178 2515">
     <span class='ocr_line' id='line_1_8' title="bbox 156 1017 1178 1106; baseline 0.005 -24"><span class='ocrx_word' id='word_1_43' title='bbox 156 1018 270 1083; x_wconf 87' lang='lat' dir='ltr'>Multa</span> <span class='ocrx_word' id='word_1_44' title='bbox 294 1041 338 1082; x_wconf 85' lang='lat' dir='ltr'>ex</span> <span class='ocrx_word' id='word_1_45' title='bbox 358 1040 397 1082; x_wconf 89' lang='lat' dir='ltr'>ea</span> <span class='ocrx_word' id='word_1_46' title='bbox 418 1018 572 1084; x_wconf 87' lang='lat' dir='ltr'>sententia</span> <span class='ocrx_word' id='word_1_47' title='bbox 596 1017 739 1103; x_wconf 87' lang='lat' dir='ltr'>mitigata</span> <span class='ocrx_word' id='word_1_48' title='bbox 764 1027 838 1082; x_wconf 88' lang='lat' dir='ltr'>sunt</span> <span class='ocrx_word' id='word_1_49' title='bbox 862 1042 882 1084; x_wconf 88' lang='lat' dir='ltr'>a</span> <span class='ocrx_word' id='word_1_50' title='bbox 906 1019 1061 1106; x_wconf 76' lang='lat' dir='ltr'>principe:</span> <span class='ocrx_word' id='word_1_51' title='bbox 1087 1043 1126 1084; x_wconf 89' lang='lat' dir='ltr'>ne</span> <span class='ocrx_word' id='word_1_52' title='bbox 1147 1041 1178 1088; x_wconf 82' lang='lat' dir='ltr'>rs</span> 
     </span>
     <span class='ocr_line' id='line_1_9' title="bbox 100 1105 1128 1198; baseline 0.003 -22"><span class='ocrx_word' id='word_1_53' title='bbox 100 1135 211 1178; x_wconf 92' lang='lat' dir='ltr'>nomen</span> <span class='ocrx_word' id='word_1_54' title='bbox 227 1105 360 1179; x_wconf 89' lang='lat' dir='ltr'>Pisonis</span> <span class='ocrx_word' id='word_1_55' title='bbox 378 1111 469 1178; x_wconf 82' lang='lat' dir='ltr'>fastis</span> <span class='ocrx_word' id='word_1_56' title='bbox 487 1113 688 1189; x_wconf 71' lang='lat' dir='ltr'>eximetur,</span> <span class='ocrx_word' id='word_1_57' title='bbox 706 1113 831 1195; x_wconf 88' lang='lat' dir='ltr'>quando</span> <span class='ocrx_word' id='word_1_58' title='bbox 848 1113 896 1178; x_wconf 90' lang='lat' dir='ltr'>M.</span> <span class='ocrx_word' id='word_1_59' title='bbox 914 1113 1055 1192; x_wconf 87' lang='lat' dir='ltr'>Antonii,</span> <span class='ocrx_word' id='word_1_60' title='bbox 1073 1117 1128 1198; x_wconf 93' lang='lat' dir='ltr'>qui</span> 
     </span>
     <span class='ocr_line' id='line_1_10' title="bbox 100 1204 1127 1296; baseline 0.002 -25"><span class='ocrx_word' id='word_1_61' title='bbox 100 1206 214 1272; x_wconf 82' lang='lat' dir='ltr'>bobum</span> <span class='ocrx_word' id='word_1_62' title='bbox 232 1208 356 1293; x_wconf 87' lang='lat' dir='ltr'>patriae</span> <span class='ocrx_word' id='word_1_63' title='bbox 372 1207 510 1283; x_wconf 83' lang='lat' dir='ltr'>fecisset,</span> <span class='ocrx_word' id='word_1_64' title='bbox 529 1207 591 1270; x_wconf 92' lang='lat' dir='ltr'>Iuli</span> <span class='ocrx_word' id='word_1_65' title='bbox 607 1204 753 1284; x_wconf 91' lang='lat' dir='ltr'>Antonii,</span> <span class='ocrx_word' id='word_1_66' title='bbox 771 1208 825 1291; x_wconf 90' lang='lat' dir='ltr'>qui</span> <span class='ocrx_word' id='word_1_67' title='bbox 842 1209 971 1273; x_wconf 90' lang='lat' dir='ltr'>domum</span> <span class='ocrx_word' id='word_1_68' title='bbox 987 1207 1127 1296; x_wconf 85' lang='lat' dir='ltr'>Augusti</span> 
     </span>
     <span class='ocr_line' id='line_1_11' title="bbox 101 1299 1128 1387; baseline 0.004 -23"><span class='ocrx_word' id='word_1_69' title='bbox 101 1302 259 1379; x_wconf 73' lang='lat' dir='ltr'>violasset,</span> <span class='ocrx_word' id='word_1_70' title='bbox 276 1310 453 1379; x_wconf 84' lang='lat' dir='ltr'>manerent3</span> <span class='ocrx_word' id='word_1_71' title='bbox 468 1311 498 1366; x_wconf 91' lang='lat' dir='ltr'>et</span> <span class='ocrx_word' id='word_1_72' title='bbox 507 1301 554 1365; x_wconf 90' lang='lat' dir='ltr'>M.</span> <span class='ocrx_word' id='word_1_73' title='bbox 564 1299 714 1366; x_wconf 84' lang='lat' dir='ltr'>Pisonem</span> <span class='ocrx_word' id='word_1_74' title='bbox 726 1302 915 1387; x_wconf 83' lang='lat' dir='ltr'>ignominiae</span> <span class='ocrx_word' id='word_1_75' title='bbox 925 1304 1040 1368; x_wconf 84' lang='lat' dir='ltr'>exemit</span> <span class='ocrx_word' id='word_1_76' title='bbox 1054 1327 1128 1370; x_wconf 88' lang='lat' dir='ltr'>eon·</span> 
     </span>
     <span class='ocr_line' id='line_1_12' title="bbox 101 1395 1128 1484; baseline 0.005 -26"><span class='ocrx_word' id='word_1_77' title='bbox 101 1397 257 1479; x_wconf 80' lang='lat' dir='ltr'>cessitque</span> <span class='ocrx_word' id='word_1_78' title='bbox 281 1395 310 1460; x_wconf 90' lang='lat' dir='ltr'>ei</span> <span class='ocrx_word' id='word_1_79' title='bbox 331 1404 462 1481; x_wconf 89' lang='lat' dir='ltr'>patema</span> <span class='ocrx_word' id='word_1_80' title='bbox 478 1395 574 1472; x_wconf 85' lang='lat' dir='ltr'>bona,</span> <span class='ocrx_word' id='word_1_81' title='bbox 598 1396 674 1460; x_wconf 88' lang='lat' dir='ltr'>satis</span> <span class='ocrx_word' id='word_1_82' title='bbox 691 1395 814 1473; x_wconf 89' lang='lat' dir='ltr'>firmus,</span> <span class='ocrx_word' id='word_1_83' title='bbox 837 1406 872 1460; x_wconf 92' lang='lat' dir='ltr'>ut</span> <span class='ocrx_word' id='word_1_84' title='bbox 893 1420 987 1484; x_wconf 89' lang='lat' dir='ltr'>saepe</span> <span class='ocrx_word' id='word_1_85' title='bbox 1008 1421 1128 1463; x_wconf 88' lang='lat' dir='ltr'>memo-</span> 
     </span>
     <span class='ocr_line' id='line_1_13' title="bbox 101 1490 1127 1575; baseline 0.003 -22"><span class='ocrx_word' id='word_1_86' title='bbox 101 1490 177 1566; x_wconf 80' lang='lat' dir='ltr'>rari,</span> <span class='ocrx_word' id='word_1_87' title='bbox 195 1492 370 1555; x_wconf 85' lang='lat' dir='ltr'>adversum</span> <span class='ocrx_word' id='word_1_88' title='bbox 391 1490 556 1574; x_wconf 88' lang='lat' dir='ltr'>pecuniam</span> <span class='ocrx_word' id='word_1_89' title='bbox 578 1497 611 1554; x_wconf 89' lang='lat' dir='ltr'>et</span> <span class='ocrx_word' id='word_1_90' title='bbox 628 1499 695 1554; x_wconf 92' lang='lat' dir='ltr'>tum</span> <span class='ocrx_word' id='word_1_91' title='bbox 711 1491 830 1575; x_wconf 89' lang='lat' dir='ltr'>pudore</span> <span class='ocrx_word' id='word_1_92' title='bbox 852 1491 1014 1558; x_wconf 79' lang='lat' dir='ltr'>absolutae</span> <span class='ocrx_word' id='word_1_93' title='bbox 1030 1492 1127 1558; x_wconf 88' lang='lat' dir='ltr'>Plan-</span> 
     </span>
     <span class='ocr_line' id='line_1_14' title="bbox 101 1583 1126 1669; baseline 0.006 -24"><span class='ocrx_word' id='word_1_94' title='bbox 101 1583 184 1648; x_wconf 87' lang='lat' dir='ltr'>cinae</span> <span class='ocrx_word' id='word_1_95' title='bbox 205 1583 408 1669; x_wconf 89' lang='lat' dir='ltr'>placabilior;</span> <span class='ocrx_word' id='word_1_96' title='bbox 434 1592 528 1667; x_wconf 91' lang='lat' dir='ltr'>atque</span> <span class='ocrx_word' id='word_1_97' title='bbox 549 1583 647 1660; x_wconf 89' lang='lat' dir='ltr'>idem,</span> <span class='ocrx_word' id='word_1_98' title='bbox 675 1605 747 1650; x_wconf 89' lang='lat' dir='ltr'>cum</span> <span class='ocrx_word' id='word_1_99' title='bbox 768 1583 912 1650; x_wconf 85' lang='lat' dir='ltr'>Valerius</span> <span class='ocrx_word' id='word_1_100' title='bbox 933 1585 1126 1652; x_wconf 80' lang='lat' dir='ltr'>Messalinus</span> 
     </span>
     <span class='ocr_line' id='line_1_15' title="bbox 103 1675 1126 1761; baseline 0.006 -23"><span class='ocrx_word' id='word_1_101' title='bbox 103 1676 225 1761; x_wconf 90' lang='lat' dir='ltr'>signum</span> <span class='ocrx_word' id='word_1_102' title='bbox 243 1699 377 1742; x_wconf 86' lang='lat' dir='ltr'>aureum</span> <span class='ocrx_word' id='word_1_103' title='bbox 394 1677 429 1740; x_wconf 89' lang='lat' dir='ltr'>in</span> <span class='ocrx_word' id='word_1_104' title='bbox 449 1677 525 1741; x_wconf 89' lang='lat' dir='ltr'>aede</span> <span class='ocrx_word' id='word_1_105' title='bbox 543 1675 656 1740; x_wconf 89' lang='lat' dir='ltr'>Martis</span> <span class='ocrx_word' id='word_1_106' title='bbox 675 1676 808 1755; x_wconf 89' lang='lat' dir='ltr'>Ultoris,</span> <span class='ocrx_word' id='word_1_107' title='bbox 833 1678 970 1744; x_wconf 85' lang='lat' dir='ltr'>Caecina</span> <span class='ocrx_word' id='word_1_108' title='bbox 988 1677 1126 1746; x_wconf 89' lang='lat' dir='ltr'>Severus</span> 
     </span>
     <span class='ocr_line' id='line_1_16' title="bbox 102 1770 1127 1858; baseline 0.002 -24"><span class='ocrx_word' id='word_1_109' title='bbox 102 1792 183 1834; x_wconf 87' lang='lat' dir='ltr'>aram</span> <span class='ocrx_word' id='word_1_110' title='bbox 205 1770 334 1836; x_wconf 92' lang='lat' dir='ltr'>Ultioni</span> <span class='ocrx_word' id='word_1_111' title='bbox 355 1771 552 1834; x_wconf 85' lang='lat' dir='ltr'>statuendam</span> <span class='ocrx_word' id='word_1_112' title='bbox 574 1771 784 1849; x_wconf 80' lang='lat' dir='ltr'>censuissent,</span> <span class='ocrx_word' id='word_1_113' title='bbox 810 1772 982 1858; x_wconf 89' lang='lat' dir='ltr'>prohibuit,</span> <span class='ocrx_word' id='word_1_114' title='bbox 1008 1771 1049 1838; x_wconf 93' lang='lat' dir='ltr'>ob</span> <span class='ocrx_word' id='word_1_115' title='bbox 1072 1795 1127 1838; x_wconf 83' lang='lat' dir='ltr'>ex-</span> 
     </span>
     <span class='ocr_line' id='line_1_17' title="bbox 103 1865 1127 1931; baseline 0.004 -5"><span class='ocrx_word' id='word_1_116' title='bbox 103 1873 201 1930; x_wconf 88' lang='lat' dir='ltr'>ternas</span> <span class='ocrx_word' id='word_1_117' title='bbox 224 1888 267 1930; x_wconf 88' lang='lat' dir='ltr'>ea</span> <span class='ocrx_word' id='word_1_118' title='bbox 287 1865 434 1929; x_wconf 88' lang='lat' dir='ltr'>victorias</span> <span class='ocrx_word' id='word_1_119' title='bbox 458 1865 573 1930; x_wconf 90' lang='lat' dir='ltr'>sacrari</span> <span class='ocrx_word' id='word_1_120' title='bbox 594 1865 754 1930; x_wconf 89' lang='lat' dir='ltr'>dictitans:</span> <span class='ocrx_word' id='word_1_121' title='bbox 777 1866 949 1931; x_wconf 87' lang='lat' dir='ltr'>domestica</span> <span class='ocrx_word' id='word_1_122' title='bbox 970 1867 1053 1930; x_wconf 86' lang='lat' dir='ltr'>mala</span> <span class='ocrx_word' id='word_1_123' title='bbox 1074 1867 1127 1930; x_wconf 90' lang='lat' dir='ltr'>tri·</span> 
     </span>
     <span class='ocr_line' id='line_1_18' title="bbox 105 1957 1127 2046; baseline 0.005 -27"><span class='ocrx_word' id='word_1_124' title='bbox 105 1958 183 2023; x_wconf 86' lang='lat' dir='ltr'>stitia</span> <span class='ocrx_word' id='word_1_125' title='bbox 197 1959 380 2046; x_wconf 85' lang='lat' dir='ltr'>operienda.</span> <span class='ocrx_word' id='word_1_126' title='bbox 400 1959 561 2024; x_wconf 87' lang='lat' dir='ltr'>addiderat</span> <span class='ocrx_word' id='word_1_127' title='bbox 572 1959 765 2024; x_wconf 82' lang='lat' dir='ltr'>Messalinus</span> <span class='ocrx_word' id='word_1_128' title='bbox 780 1959 906 2024; x_wconf 81' lang='lat' dir='ltr'>Tiberio</span> <span class='ocrx_word' id='word_1_129' title='bbox 916 1970 947 2024; x_wconf 90' lang='lat' dir='ltr'>et</span> <span class='ocrx_word' id='word_1_130' title='bbox 959 1957 1127 2045; x_wconf 85' lang='lat' dir='ltr'>Augustae</span> 
     </span>
     <span class='ocr_line' id='line_1_19' title="bbox 105 2050 1128 2140; baseline 0.002 -26"><span class='ocrx_word' id='word_1_131' title='bbox 105 2062 133 2114; x_wconf 95' lang='lat' dir='ltr'>et</span> <span class='ocrx_word' id='word_1_132' title='bbox 148 2052 309 2123; x_wconf 86' lang='lat' dir='ltr'>Antoniae</span> <span class='ocrx_word' id='word_1_133' title='bbox 331 2063 363 2118; x_wconf 90' lang='lat' dir='ltr'>et</span> <span class='ocrx_word' id='word_1_134' title='bbox 383 2052 579 2140; x_wconf 81' lang='lat' dir='ltr'>Agrippinae</span> <span class='ocrx_word' id='word_1_135' title='bbox 600 2054 771 2136; x_wconf 88' lang='lat' dir='ltr'>Drusoque</span> <span class='ocrx_word' id='word_1_136' title='bbox 792 2053 834 2118; x_wconf 94' lang='lat' dir='ltr'>ob</span> <span class='ocrx_word' id='word_1_137' title='bbox 855 2052 1025 2117; x_wconf 85' lang='lat' dir='ltr'>vindictam</span> <span class='ocrx_word' id='word_1_138' title='bbox 1048 2050 1128 2117; x_wconf 90' lang='lat' dir='ltr'>Ger-</span> 
     </span>
     <span class='ocr_line' id='line_1_20' title="bbox 104 2145 1126 2234; baseline 0.003 -27"><span class='ocrx_word' id='word_1_139' title='bbox 104 2147 212 2212; x_wconf 86' lang='lat' dir='ltr'>manici</span> <span class='ocrx_word' id='word_1_140' title='bbox 240 2157 348 2234; x_wconf 81' lang='lat' dir='ltr'>grates</span> <span class='ocrx_word' id='word_1_141' title='bbox 373 2148 514 2234; x_wconf 83' lang='lat' dir='ltr'>agendas</span> <span class='ocrx_word' id='word_1_142' title='bbox 541 2149 749 2232; x_wconf 86' lang='lat' dir='ltr'>omiseratque</span> <span class='ocrx_word' id='word_1_143' title='bbox 773 2145 899 2211; x_wconf 89' lang='lat' dir='ltr'>Claudii</span> <span class='ocrx_word' id='word_1_144' title='bbox 923 2147 1126 2212; x_wconf 86' lang='lat' dir='ltr'>mentionem:</span> 
     </span>
     <span class='ocr_line' id='line_1_21' title="bbox 106 2239 1128 2326; baseline 0.002 -24"><span class='ocrx_word' id='word_1_145' title='bbox 106 2249 134 2302; x_wconf 91' lang='lat' dir='ltr'>et</span> <span class='ocrx_word' id='word_1_146' title='bbox 151 2239 365 2308; x_wconf 90' lang='lat' dir='ltr'>Messalinum</span> <span class='ocrx_word' id='word_1_147' title='bbox 390 2241 516 2324; x_wconf 91' lang='lat' dir='ltr'>quidem</span> <span class='ocrx_word' id='word_1_148' title='bbox 537 2241 579 2306; x_wconf 85' lang='lat' dir='ltr'>L.</span> <span class='ocrx_word' id='word_1_149' title='bbox 601 2239 765 2326; x_wconf 89' lang='lat' dir='ltr'>Asprenas</span> <span class='ocrx_word' id='word_1_150' title='bbox 792 2250 903 2306; x_wconf 89' lang='lat' dir='ltr'>senatu</span> <span class='ocrx_word' id='word_1_151' title='bbox 928 2263 1034 2306; x_wconf 91' lang='lat' dir='ltr'>eoram</span> <span class='ocrx_word' id='word_1_152' title='bbox 1057 2262 1128 2326; x_wconf 92' lang='lat' dir='ltr'>per-</span> 
     </span>
     <span class='ocr_line' id='line_1_22' title="bbox 106 2335 1127 2420; baseline 0.004 -25"><span class='ocrx_word' id='word_1_153' title='bbox 106 2344 244 2401; x_wconf 86' lang='lat' dir='ltr'>contatus</span> <span class='ocrx_word' id='word_1_154' title='bbox 258 2346 308 2400; x_wconf 90' lang='lat' dir='ltr'>est</span> <span class='ocrx_word' id='word_1_155' title='bbox 321 2359 362 2400; x_wconf 92' lang='lat' dir='ltr'>an</span> <span class='ocrx_word' id='word_1_156' title='bbox 373 2336 511 2420; x_wconf 91' lang='lat' dir='ltr'>prudens</span> <span class='ocrx_word' id='word_1_157' title='bbox 524 2336 724 2420; x_wconf 85' lang='lat' dir='ltr'>praeterisset</span> <span class='ocrx_word' id='word_1_158' title='bbox 729 2359 738 2412; x_wconf 93' lang='lat'>;</span> <span class='ocrx_word' id='word_1_159' title='bbox 752 2357 789 2399; x_wconf 87' lang='lat' dir='ltr'>sc</span> <span class='ocrx_word' id='word_1_160' title='bbox 802 2343 869 2400; x_wconf 90' lang='lat' dir='ltr'>tum</span> <span class='ocrx_word' id='word_1_161' title='bbox 878 2335 1005 2399; x_wconf 90' lang='lat' dir='ltr'>demum</span> <span class='ocrx_word' id='word_1_162' title='bbox 1013 2356 1127 2400; x_wconf 91' lang='lat' dir='ltr'>nomen</span> 
     </span>
     <span class='ocr_line' id='line_1_23' title="bbox 108 2423 1128 2515; baseline 0.002 -25"><span class='ocrx_word' id='word_1_163' title='bbox 108 2423 227 2494; x_wconf 87' lang='lat' dir='ltr'>Claudii</span> <span class='ocrx_word' id='word_1_164' title='bbox 244 2429 438 2514; x_wconf 85' lang='lat' dir='ltr'>adscriptum</span> <span class='ocrx_word' id='word_1_165' title='bbox 456 2438 517 2508; x_wconf 84' lang='lat' dir='ltr'>est3</span> <span class='ocrx_word' id='word_1_166' title='bbox 536 2429 622 2506; x_wconf 91' lang='lat' dir='ltr'>mihi,</span> <span class='ocrx_word' id='word_1_167' title='bbox 641 2438 758 2513; x_wconf 85' lang='lat' dir='ltr'>quanto</span> <span class='ocrx_word' id='word_1_168' title='bbox 775 2429 865 2515; x_wconf 90' lang='lat' dir='ltr'>plura</span> <span class='ocrx_word' id='word_1_169' title='bbox 881 2429 1052 2494; x_wconf 87' lang='lat' dir='ltr'>recentium</span> <span class='ocrx_word' id='word_1_170' title='bbox 1070 2451 1128 2493; x_wconf 91' lang='lat' dir='ltr'>sen</span> 
     </span>
    </p>
   </div>
   <div class='ocr_carea' id='block_1_3' title="bbox 106 2515 1127 2890">
    <p class='ocr_par' dir='ltr' id='par_1_4' title="bbox 106 2515 1127 2890">
     <span class='ocr_line' id='line_1_24' title="bbox 106 2515 1127 2608; baseline 0 -22"><span class='ocrx_word' id='word_1_171' title='bbox 106 2515 241 2588; x_wconf 82' lang='lat' dir='ltr'>¹veterum</span> <span class='ocrx_word' id='word_1_172' title='bbox 261 2521 405 2600; x_wconf 87' lang='lat' dir='ltr'>revolvo,</span> <span class='ocrx_word' id='word_1_173' title='bbox 432 2533 517 2588; x_wconf 89' lang='lat' dir='ltr'>tanto</span> <span class='ocrx_word' id='word_1_174' title='bbox 539 2522 641 2608; x_wconf 90' lang='lat' dir='ltr'>magis</span> <span class='ocrx_word' id='word_1_175' title='bbox 663 2523 797 2587; x_wconf 87' lang='lat' dir='ltr'>ludibria</span> <span class='ocrx_word' id='word_1_176' title='bbox 821 2545 925 2588; x_wconf 90' lang='lat' dir='ltr'>rerum</span> <span class='ocrx_word' id='word_1_177' title='bbox 950 2521 1127 2587; x_wconf 75' lang='lat' dir='ltr'>mortalium</span> 
     </span>
     <span class='ocr_line' id='line_1_25' title="bbox 108 2615 1127 2703; baseline 0.004 -27"><span class='ocrx_word' id='word_1_178' title='bbox 108 2617 220 2682; x_wconf 89' lang='lat' dir='ltr'>eunctis</span> <span class='ocrx_word' id='word_1_179' title='bbox 238 2617 273 2680; x_wconf 89' lang='lat' dir='ltr'>in</span> <span class='ocrx_word' id='word_1_180' title='bbox 291 2617 424 2703; x_wconf 88' lang='lat' dir='ltr'>negotiis</span> <span class='ocrx_word' id='word_1_181' title='bbox 447 2616 665 2682; x_wconf 87' lang='lat' dir='ltr'>obversantur:</span> <span class='ocrx_word' id='word_1_182' title='bbox 684 2617 800 2702; x_wconf 93' lang='lat' dir='ltr'>quippe</span> <span class='ocrx_word' id='word_1_183' title='bbox 817 2615 916 2695; x_wconf 82' lang='lat' dir='ltr'>sama,</span> <span class='ocrx_word' id='word_1_184' title='bbox 940 2639 1010 2702; x_wconf 92' lang='lat' dir='ltr'>spe,</span> <span class='ocrx_word' id='word_1_185' title='bbox 1033 2639 1127 2681; x_wconf 91' lang='lat' dir='ltr'>vene-</span> 
     </span>
     <span class='ocr_line' id='line_1_26' title="bbox 106 2709 1127 2797; baseline 0.004 -27"><span class='ocrx_word' id='word_1_186' title='bbox 106 2709 218 2776; x_wconf 87' lang='lat' dir='ltr'>ratione</span> <span class='ocrx_word' id='word_1_187' title='bbox 239 2711 347 2797; x_wconf 86' lang='lat' dir='ltr'>potius</span> <span class='ocrx_word' id='word_1_188' title='bbox 369 2733 477 2775; x_wconf 90' lang='lat' dir='ltr'>omnes</span> <span class='ocrx_word' id='word_1_189' title='bbox 504 2709 740 2775; x_wconf 86' lang='lat' dir='ltr'>destinabantur</span> <span class='ocrx_word' id='word_1_190' title='bbox 764 2710 895 2796; x_wconf 91' lang='lat' dir='ltr'>imperio</span> <span class='ocrx_word' id='word_1_191' title='bbox 917 2732 1012 2795; x_wconf 86' lang='lat' dir='ltr'>quam</span> <span class='ocrx_word' id='word_1_192' title='bbox 1033 2732 1127 2794; x_wconf 89' lang='lat' dir='ltr'>quem</span> 
     </span>
     <span class='ocr_line' id='line_1_27' title="bbox 107 2799 919 2890; baseline 0.007 -28"><span class='ocrx_word' id='word_1_193' title='bbox 107 2799 241 2869; x_wconf 84' lang='lat' dir='ltr'>futurum</span> <span class='ocrx_word' id='word_1_194' title='bbox 258 2805 433 2890; x_wconf 89' lang='lat' dir='ltr'>principem</span> <span class='ocrx_word' id='word_1_195' title='bbox 450 2805 576 2870; x_wconf 88' lang='lat' dir='ltr'>fortuna</span> <span class='ocrx_word' id='word_1_196' title='bbox 592 2805 626 2868; x_wconf 91' lang='lat' dir='ltr'>in</span> <span class='ocrx_word' id='word_1_197' title='bbox 643 2805 765 2870; x_wconf 73' lang='lat' dir='ltr'>occrdto</span> <span class='ocrx_word' id='word_1_198' title='bbox 783 2805 919 2870; x_wconf 90' lang='lat' dir='ltr'>tenebat.</span> 
     </span>
    </p>
   </div>
   <div class='ocr_carea' id='block_1_4' title="bbox 108 2895 1210 4208">
    <p class='ocr_par' dir='ltr' id='par_1_5' title="bbox 108 2895 1210 4096">
     <span class='ocr_line' id='line_1_28' title="bbox 163 2895 1178 2984; baseline -0.001 -21"><span class='ocrx_word' id='word_1_199' title='bbox 163 2897 282 2964; x_wconf 88' lang='lat' dir='ltr'>Paucis</span> <span class='ocrx_word' id='word_1_200' title='bbox 300 2908 373 2984; x_wconf 88' lang='lat' dir='ltr'>post</span> <span class='ocrx_word' id='word_1_201' title='bbox 390 2899 500 2964; x_wconf 91' lang='lat' dir='ltr'>diebus</span> <span class='ocrx_word' id='word_1_202' title='bbox 521 2897 640 2964; x_wconf 85' lang='lat' dir='ltr'>Caesar</span> <span class='ocrx_word' id='word_1_203' title='bbox 657 2909 765 2964; x_wconf 87' lang='lat' dir='ltr'>auctor</span> <span class='ocrx_word' id='word_1_204' title='bbox 782 2899 905 2964; x_wconf 87' lang='lat' dir='ltr'>senatui</span> <span class='ocrx_word' id='word_1_205' title='bbox 921 2898 982 2961; x_wconf 85' lang='lat' dir='ltr'>fuit</span> <span class='ocrx_word' id='word_1_206' title='bbox 999 2895 1127 2962; x_wconf 87' lang='lat' dir='ltr'>Vitellio</span> <span class='ocrx_word' id='word_1_207' title='bbox 1148 2916 1178 2964; x_wconf 81' lang='lat' dir='ltr'>lo</span> 
     </span>
     <span class='ocr_line' id='line_1_29' title="bbox 108 2990 1129 3074; baseline 0.002 -22"><span class='ocrx_word' id='word_1_208' title='bbox 108 2998 194 3074; x_wconf 85' lang='lat' dir='ltr'>atque</span> <span class='ocrx_word' id='word_1_209' title='bbox 215 2993 357 3059; x_wconf 89' lang='lat' dir='ltr'>Veranio</span> <span class='ocrx_word' id='word_1_210' title='bbox 379 3002 409 3057; x_wconf 89' lang='lat' dir='ltr'>et</span> <span class='ocrx_word' id='word_1_211' title='bbox 432 2990 570 3058; x_wconf 88' lang='lat' dir='ltr'>Servaeo</span> <span class='ocrx_word' id='word_1_212' title='bbox 593 2993 768 3058; x_wconf 88' lang='lat' dir='ltr'>sacerdotia</span> <span class='ocrx_word' id='word_1_213' title='bbox 789 2991 959 3067; x_wconf 83' lang='lat' dir='ltr'>tribuendi3</span> <span class='ocrx_word' id='word_1_214' title='bbox 984 2990 1129 3054; x_wconf 83' lang='lat' dir='ltr'>Fulcinio</span> 
     </span>
     <span class='ocr_line' id='line_1_30' title="bbox 109 3083 1130 3174; baseline -0.004 -23"><span class='ocrx_word' id='word_1_215' title='bbox 109 3086 289 3174; x_wconf 75' lang='lat' dir='ltr'>sulii-agium</span> <span class='ocrx_word' id='word_1_216' title='bbox 303 3087 344 3152; x_wconf 90' lang='lat' dir='ltr'>ad</span> <span class='ocrx_word' id='word_1_217' title='bbox 356 3086 490 3154; x_wconf 91' lang='lat' dir='ltr'>honores</span> <span class='ocrx_word' id='word_1_218' title='bbox 503 3087 659 3172; x_wconf 88' lang='lat' dir='ltr'>pollicitus</span> <span class='ocrx_word' id='word_1_219' title='bbox 672 3085 795 3150; x_wconf 90' lang='lat' dir='ltr'>monuit</span> <span class='ocrx_word' id='word_1_220' title='bbox 806 3106 847 3148; x_wconf 90' lang='lat' dir='ltr'>ne</span> <span class='ocrx_word' id='word_1_221' title='bbox 865 3083 1045 3147; x_wconf 82' lang='lat' dir='ltr'>facundiam</span> <span class='ocrx_word' id='word_1_222' title='bbox 1062 3083 1130 3147; x_wconf 90' lang='lat' dir='ltr'>vio-</span> 
     </span>
     <span class='ocr_line' id='line_1_31' title="bbox 108 3174 1128 3267; baseline 0 -28"><span class='ocrx_word' id='word_1_223' title='bbox 108 3175 195 3244; x_wconf 85' lang='lat' dir='ltr'>lentis</span> <span class='ocrx_word' id='word_1_224' title='bbox 203 3180 432 3267; x_wconf 81' lang='lat' dir='ltr'>praecipitaret</span> <span class='ocrx_word' id='word_1_225' title='bbox 455 3182 482 3246; x_wconf 93' lang='lat' dir='ltr'>is</span> <span class='ocrx_word' id='word_1_226' title='bbox 492 3182 563 3246; x_wconf 88' lang='lat' dir='ltr'>finis</span> <span class='ocrx_word' id='word_1_227' title='bbox 572 3181 633 3246; x_wconf 86' lang='lat' dir='ltr'>fuit</span> <span class='ocrx_word' id='word_1_228' title='bbox 641 3179 822 3244; x_wconf 73' lang='lat' dir='ltr'>adciscenda</span> <span class='ocrx_word' id='word_1_229' title='bbox 832 3174 1012 3242; x_wconf 89' lang='lat' dir='ltr'>Germanici</span> <span class='ocrx_word' id='word_1_230' title='bbox 1020 3185 1128 3253; x_wconf 87' lang='lat' dir='ltr'>morte,</span> 
     </span>
     <span class='ocr_line' id='line_1_32' title="bbox 110 3270 1130 3360; baseline -0.001 -26"><span class='ocrx_word' id='word_1_231' title='bbox 110 3293 165 3336; x_wconf 91' lang='lat' dir='ltr'>non</span> <span class='ocrx_word' id='word_1_232' title='bbox 181 3276 277 3340; x_wconf 93' lang='lat' dir='ltr'>modo</span> <span class='ocrx_word' id='word_1_233' title='bbox 295 3276 380 3360; x_wconf 89' lang='lat' dir='ltr'>apud</span> <span class='ocrx_word' id='word_1_234' title='bbox 396 3275 467 3341; x_wconf 90' lang='lat' dir='ltr'>illos</span> <span class='ocrx_word' id='word_1_235' title='bbox 485 3275 628 3340; x_wconf 90' lang='lat' dir='ltr'>homines</span> <span class='ocrx_word' id='word_1_236' title='bbox 646 3274 700 3358; x_wconf 94' lang='lat' dir='ltr'>qui</span> <span class='ocrx_word' id='word_1_237' title='bbox 718 3283 785 3338; x_wconf 92' lang='lat' dir='ltr'>tum</span> <span class='ocrx_word' id='word_1_238' title='bbox 803 3270 948 3358; x_wconf 85' lang='lat' dir='ltr'>agebant,</span> <span class='ocrx_word' id='word_1_239' title='bbox 968 3271 1063 3335; x_wconf 89' lang='lat' dir='ltr'>etiam</span> <span class='ocrx_word' id='word_1_240' title='bbox 1080 3292 1130 3335; x_wconf 88' lang='lat' dir='ltr'>se-</span> 
     </span>
     <span class='ocr_line' id='line_1_33' title="bbox 110 3366 1130 3454; baseline 0.002 -26"><span class='ocrx_word' id='word_1_241' title='bbox 110 3367 181 3432; x_wconf 89' lang='lat' dir='ltr'>cutis</span> <span class='ocrx_word' id='word_1_242' title='bbox 198 3370 393 3454; x_wconf 77' lang='lat' dir='ltr'>temporibus</span> <span class='ocrx_word' id='word_1_243' title='bbox 408 3370 494 3436; x_wconf 87' lang='lat' dir='ltr'>vario</span> <span class='ocrx_word' id='word_1_244' title='bbox 502 3391 626 3434; x_wconf 91' lang='lat' dir='ltr'>rumore</span> <span class='ocrx_word' id='word_1_245' title='bbox 640 3369 768 3434; x_wconf 86' lang='lat' dir='ltr'>iactata:</span> <span class='ocrx_word' id='word_1_246' title='bbox 786 3369 866 3432; x_wconf 90' lang='lat' dir='ltr'>adeo</span> <span class='ocrx_word' id='word_1_247' title='bbox 883 3366 1022 3431; x_wconf 86' lang='lat' dir='ltr'>maxima</span> <span class='ocrx_word' id='word_1_248' title='bbox 1035 3387 1130 3449; x_wconf 90' lang='lat' dir='ltr'>quac-</span> 
     </span>
     <span class='ocr_line' id='line_1_34' title="bbox 110 3463 1131 3550; baseline 0.002 -26"><span class='ocrx_word' id='word_1_249' title='bbox 110 3480 164 3541; x_wconf 90' lang='lat' dir='ltr'>que</span> <span class='ocrx_word' id='word_1_250' title='bbox 180 3464 331 3550; x_wconf 88' lang='lat' dir='ltr'>ambigua</span> <span class='ocrx_word' id='word_1_251' title='bbox 344 3474 425 3542; x_wconf 84' lang='lat' dir='ltr'>sunt,</span> <span class='ocrx_word' id='word_1_252' title='bbox 443 3465 520 3530; x_wconf 90' lang='lat' dir='ltr'>dum</span> <span class='ocrx_word' id='word_1_253' title='bbox 537 3465 590 3530; x_wconf 85' lang='lat' dir='ltr'>alii</span> <span class='ocrx_word' id='word_1_254' title='bbox 607 3465 840 3549; x_wconf 91' lang='lat' dir='ltr'>quoquomodo</span> <span class='ocrx_word' id='word_1_255' title='bbox 858 3463 965 3528; x_wconf 89' lang='lat' dir='ltr'>audita</span> <span class='ocrx_word' id='word_1_256' title='bbox 980 3485 1038 3549; x_wconf 91' lang='lat' dir='ltr'>pro</span> <span class='ocrx_word' id='word_1_257' title='bbox 1056 3485 1131 3528; x_wconf 90' lang='lat' dir='ltr'>con-</span> 
     </span>
     <span class='ocr_line' id='line_1_35' title="bbox 109 3554 1130 3641; baseline 0 -23"><span class='ocrx_word' id='word_1_258' title='bbox 109 3558 196 3636; x_wconf 89' lang='lat' dir='ltr'>pertis</span> <span class='ocrx_word' id='word_1_259' title='bbox 217 3557 352 3636; x_wconf 88' lang='lat' dir='ltr'>habent,</span> <span class='ocrx_word' id='word_1_260' title='bbox 380 3559 434 3624; x_wconf 90' lang='lat' dir='ltr'>alii</span> <span class='ocrx_word' id='word_1_261' title='bbox 454 3581 530 3624; x_wconf 79' lang='lat' dir='ltr'>vera</span> <span class='ocrx_word' id='word_1_262' title='bbox 551 3560 584 3623; x_wconf 91' lang='lat' dir='ltr'>in</span> <span class='ocrx_word' id='word_1_263' title='bbox 601 3559 790 3624; x_wconf 78' lang='lat' dir='ltr'>carnarium</span> <span class='ocrx_word' id='word_1_264' title='bbox 811 3567 952 3635; x_wconf 85' lang='lat' dir='ltr'>vertunt,</span> <span class='ocrx_word' id='word_1_265' title='bbox 973 3567 1004 3621; x_wconf 91' lang='lat' dir='ltr'>et</span> <span class='ocrx_word' id='word_1_266' title='bbox 1025 3554 1130 3641; x_wconf 89' lang='lat' dir='ltr'>gliscit</span> 
     </span>
     <span class='ocr_line' id='line_1_36' title="bbox 110 3648 1129 3738; baseline -0.006 -22"><span class='ocrx_word' id='word_1_267' title='bbox 110 3657 270 3735; x_wconf 84' lang='lat' dir='ltr'>utrumque</span> <span class='ocrx_word' id='word_1_268' title='bbox 286 3653 477 3738; x_wconf 89' lang='lat' dir='ltr'>posteritate.</span> <span class='ocrx_word' id='word_1_269' title='bbox 500 3663 533 3718; x_wconf 89' lang='lat' dir='ltr'>at</span> <span class='ocrx_word' id='word_1_270' title='bbox 548 3653 676 3718; x_wconf 88' lang='lat' dir='ltr'>Drusus</span> <span class='ocrx_word' id='word_1_271' title='bbox 694 3653 771 3718; x_wconf 90' lang='lat' dir='ltr'>urbe</span> <span class='ocrx_word' id='word_1_272' title='bbox 789 3675 935 3738; x_wconf 88' lang='lat' dir='ltr'>egressus</span> <span class='ocrx_word' id='word_1_273' title='bbox 952 3648 1129 3734; x_wconf 89' lang='lat' dir='ltr'>repetendis</span> 
     </span>
     <span class='ocr_line' id='line_1_37' title="bbox 110 3740 1129 3834; baseline -0.002 -28"><span class='ocrx_word' id='word_1_274' title='bbox 110 3748 261 3832; x_wconf 85' lang='lat' dir='ltr'>auspiciis,</span> <span class='ocrx_word' id='word_1_275' title='bbox 276 3770 356 3818; x_wconf 75' lang='lat' dir='ltr'>mox,</span> <span class='ocrx_word' id='word_1_276' title='bbox 365 3771 462 3814; x_wconf 87' lang='lat' dir='ltr'>ovans</span> <span class='ocrx_word' id='word_1_277' title='bbox 476 3748 607 3827; x_wconf 82' lang='lat' dir='ltr'>introiit3</span> <span class='ocrx_word' id='word_1_278' title='bbox 620 3769 800 3834; x_wconf 88' lang='lat' dir='ltr'>paucosque</span> <span class='ocrx_word' id='word_1_279' title='bbox 809 3755 881 3830; x_wconf 87' lang='lat' dir='ltr'>post</span> <span class='ocrx_word' id='word_1_280' title='bbox 890 3745 957 3808; x_wconf 89' lang='lat' dir='ltr'>dies</span> <span class='ocrx_word' id='word_1_281' title='bbox 966 3740 1129 3824; x_wconf 87' lang='lat' dir='ltr'>Vipsania,</span> 
     </span>
     <span class='ocr_line' id='line_1_38' title="bbox 110 3834 1130 3923; baseline -0.005 -19"><span class='ocrx_word' id='word_1_282' title='bbox 110 3851 200 3905; x_wconf 86' lang='lat' dir='ltr'>mater</span> <span class='ocrx_word' id='word_1_283' title='bbox 227 3841 311 3919; x_wconf 89' lang='lat' dir='ltr'>eius,</span> <span class='ocrx_word' id='word_1_284' title='bbox 339 3843 487 3921; x_wconf 85' lang='lat' dir='ltr'>excessit,</span> <span class='ocrx_word' id='word_1_285' title='bbox 518 3865 582 3907; x_wconf 86' lang='lat' dir='ltr'>una</span> <span class='ocrx_word' id='word_1_286' title='bbox 607 3843 748 3907; x_wconf 91' lang='lat' dir='ltr'>omnium</span> <span class='ocrx_word' id='word_1_287' title='bbox 772 3837 936 3923; x_wconf 87' lang='lat' dir='ltr'>Agrippae</span> <span class='ocrx_word' id='word_1_288' title='bbox 961 3834 1130 3898; x_wconf 88' lang='lat' dir='ltr'>liberorum</span> 
     </span>
     <span class='ocr_line' id='line_1_39' title="bbox 110 3928 1210 4002; baseline -0.008 -2"><span class='ocrx_word' id='word_1_289' title='bbox 110 3933 169 4000; x_wconf 86' lang='lat' dir='ltr'>miti</span> <span class='ocrx_word' id='word_1_290' title='bbox 185 3935 291 4002; x_wconf 89' lang='lat' dir='ltr'>obitu:</span> <span class='ocrx_word' id='word_1_291' title='bbox 308 3959 383 4001; x_wconf 91' lang='lat' dir='ltr'>nam</span> <span class='ocrx_word' id='word_1_292' title='bbox 397 3947 517 4002; x_wconf 88' lang='lat' dir='ltr'>ceteros</span> <span class='ocrx_word' id='word_1_293' title='bbox 530 3937 733 4001; x_wconf 89' lang='lat' dir='ltr'>manifestum</span> <span class='ocrx_word' id='word_1_294' title='bbox 745 3934 828 3997; x_wconf 81' lang='lat' dir='ltr'>feno</span> <span class='ocrx_word' id='word_1_295' title='bbox 844 3930 895 3996; x_wconf 83' lang='lat' dir='ltr'>vel</span> <span class='ocrx_word' id='word_1_296' title='bbox 914 3928 1064 3994; x_wconf 85' lang='lat' dir='ltr'>creditum</span> <span class='ocrx_word' id='word_1_297' title='bbox 1083 3940 1131 3993; x_wconf 86' lang='lat' dir='ltr'>est</span> <span class='ocrx_word' id='word_1_298' title='bbox 1200 3977 1210 4002; x_wconf 82' lang='grc'><strong><em>,</em></strong></span> 
     </span>
     <span class='ocr_line' id='line_1_40' title="bbox 111 4029 580 4096; baseline 0.013 -6"><span class='ocrx_word' id='word_1_299' title='bbox 111 4045 223 4094; x_wconf 82' lang='lat' dir='ltr'>veneno</span> <span class='ocrx_word' id='word_1_300' title='bbox 242 4038 297 4094; x_wconf 90' lang='lat' dir='ltr'>aut</span> <span class='ocrx_word' id='word_1_301' title='bbox 314 4029 399 4095; x_wconf 83' lang='lat' dir='ltr'>fame</span> <span class='ocrx_word' id='word_1_302' title='bbox 417 4031 580 4096; x_wconf 81' lang='lat' dir='ltr'>extinctos.</span> 
     </span>
    </p>

    <p class='ocr_par' dir='ltr' id='par_1_6' title="bbox 164 4113 1181 4208">
     <span class='ocr_line' id='line_1_41' title="bbox 164 4113 1181 4208; baseline -0.004 -20"><span class='ocrx_word' id='word_1_303' title='bbox 164 4123 292 4190; x_wconf 88' lang='lat' dir='ltr'>Eodem</span> <span class='ocrx_word' id='word_1_304' title='bbox 309 4147 392 4191; x_wconf 87' lang='lat' dir='ltr'>anno</span> <span class='ocrx_word' id='word_1_305' title='bbox 405 4124 600 4202; x_wconf 82' lang='lat' dir='ltr'>Tacfarinas,</span> <span class='ocrx_word' id='word_1_306' title='bbox 619 4144 713 4208; x_wconf 90' lang='lat' dir='ltr'>quem</span> <span class='ocrx_word' id='word_1_307' title='bbox 728 4117 844 4207; x_wconf 89' lang='lat' dir='ltr'>[priore</span> <span class='ocrx_word' id='word_1_308' title='bbox 858 4113 990 4204; x_wconf 85' lang='lat' dir='ltr'>aestate]</span> <span class='ocrx_word' id='word_1_309' title='bbox 1004 4116 1130 4204; x_wconf 90' lang='lat' dir='ltr'>pulsum</span> <span class='ocrx_word' id='word_1_310' title='bbox 1149 4136 1181 4184; x_wconf 80' lang='lat'>20</span> 
     </span>
    </p>
   </div>
   <div class='ocr_carea' id='block_1_5' title="bbox 0 0 1497 4962">
    <p class='ocr_par' dir='ltr' id='par_1_7' title="bbox 0 0 1497 4962">
     <span class='ocr_line' id='line_1_42' title="bbox 0 0 1497 4962; baseline 0 0"><span class='ocrx_word' id='word_1_311' title='bbox 0 0 1497 4962; x_wconf 95' lang='lat' dir='ltr'> </span> 
     </span>
    </p>
   </div>
  </div>
 </body>
</html>
