3042 4956
303 364 367 434 216
655 374 839 435 courum
852 374 983 432 raom

1222 478 1244 510 a.
1254 479 1281 509 n.
1294 469 1353 510 8⁰4.

301 557 399 622 reque
420 535 503 605 iuter
522 533 646 602 accolas
666 533 767 600 fama:
793 535 821 600 is
842 533 1002 600 modicum
1022 533 1175 602 Hiberiae
1197 559 1353 624 regnum

303 639 430 698 senecta
446 629 544 716 patris
562 628 695 695 detineri
711 628 846 696 ferocius
864 629 1065 714 crebriusque
1082 630 1222 696 iactabat
1238 653 1352 716 quam

303 737 339 792 ut
356 727 534 812 cupidinem
551 723 734 802 occultaret3
751 723 848 811 igitur
863 722 1094 791 Pharasmanes
1111 726 1261 791 iuvenem
1279 747 1353 812 po-

303 821 418 888 tentiae
440 842 602 907 properum
620 829 651 884 et
669 819 772 884 studio
792 817 990 904 popularium
1008 819 1182 885 accinctum
1201 843 1353 906 vergen-

304 915 389 982 tibus
410 915 474 980 iam
496 914 586 980 annis
609 913 675 978 suis
692 923 850 990 metuens,
872 912 966 978 aliam
987 913 1028 978 ad
1050 935 1139 999 spem
1161 913 1287 978 trahere
1310 922 1351 978 et

304 1008 490 1076 Armeniam
516 1017 686 1086 ostentare,
712 1007 812 1094 pulsis
834 1004 961 1072 Parthis
987 1008 1093 1073 datam
1114 1006 1296 1073 Mithridati
1323 1031 1349 1072 n

305 1113 406 1170 semet
421 1101 637 1168 memorando:
661 1101 717 1168 sed
734 1101 799 1166 vim
816 1101 1034 1178 differendam,
1058 1111 1089 1166 et
1105 1102 1261 1187 potiorem
1280 1102 1347 1167 do-

304 1197 370 1263 lum
375 1245 385 1276 ,
404 1220 468 1282 quo
485 1197 646 1264 incautum
663 1194 881 1282 opprimerent.
902 1195 948 1260 ita
963 1195 1168 1261 Radamistus
1186 1197 1346 1261 simulata

305 1292 456 1358 adversus
469 1299 590 1377 patrem
603 1289 768 1367 discordia,
786 1299 946 1373 tamquam
959 1311 1112 1355 novercae
1125 1290 1208 1355 odiis
1222 1289 1342 1376 impar,

303 1386 407 1472 pergit
428 1385 469 1451 ad
485 1395 647 1470 patruum;
668 1383 828 1467 multaque
850 1382 890 1449 ab
913 1405 951 1448 eo
973 1383 1117 1448 comitate
1138 1385 1172 1447 in
1195 1385 1342 1470 speeiem

252 1530 255 1537 .
303 1479 437 1546 liberum
454 1479 556 1544 cultus
577 1479 729 1564 primores
747 1477 971 1542 Armeniorum
988 1478 1029 1542 ad
1049 1500 1102 1544 res
1118 1501 1218 1544 novas
1236 1479 1340 1557 illicit,

303 1575 413 1660 ignaro
431 1581 462 1636 et
479 1581 609 1636 ornante
625 1571 755 1657 insuper
770 1570 965 1637 Mithridate.

253 1687 286 1735 45
367 1664 642 1731 Reconciliationis
661 1665 765 1751 specie
788 1677 952 1751 assumpta
972 1689 1198 1752 regressusque
1220 1668 1262 1734 ad
1279 1691 1339 1754 pa-

304 1772 397 1838 trem,
415 1783 496 1846 quae
514 1761 625 1826 fraude
643 1761 754 1826 confici
770 1761 942 1846 potuerint,
965 1771 1110 1848 prompta
1126 1764 1264 1841 nuntiat,
1284 1785 1338 1828 ce-

304 1866 370 1922 tera
391 1855 486 1921 armis
509 1855 702 1939 exequenda.
729 1855 853 1920 interim
870 1855 1101 1922 Pharasmanes
1123 1856 1198 1922 belli
1220 1880 1336 1923 causas

304 1949 468 2036 confingit:
494 1948 660 2036 proelianti
686 1948 747 2015 sibi
773 1949 924 2015 adversus
950 1973 1058 2037 regern
1083 1950 1281 2017 Albanorum
1301 1960 1336 2016 et

304 2045 466 2110 Romanos
484 2043 600 2110 auxilio
617 2044 742 2110 vocanti
759 2043 887 2109 fratrem
904 2043 1118 2123 adversatum,
1137 2067 1268 2129 eamque
1287 2045 1337 2109 in-

304 2139 417 2204 iuriam
435 2138 556 2204 excidio
573 2139 673 2224 ipsius
690 2137 791 2204 ultum
807 2139 937 2216 iturum3
960 2136 1054 2203 simul
1074 2161 1206 2225 magnas
1225 2139 1334 2224 copias

305 2233 370 2298 filio
384 2232 520 2297 tradidit
538 2233 591 2297 ille
603 2233 773 2318 irruptione
783 2231 887 2297 subita
899 2232 1039 2297 territum
1048 2242 1239 2317 exutumque
1248 2255 1334 2297 cam-

304 2327 354 2412 pis
367 2326 573 2391 Mithridaten
586 2327 736 2412 compulit
747 2327 781 2391 in
794 2325 956 2392 castellum
971 2323 1123 2405 Gorneas,
1143 2336 1245 2391 tutum
1262 2326 1335 2392 loeo

305 2443 342 2485 ac
359 2420 517 2505 praesidio
533 2419 675 2500 militum,
694 2419 764 2504 quis
784 2419 911 2487 Caelius
929 2419 1032 2485 Pollio
1048 2419 1241 2506 praefectus,
1260 2441 1336 2486 ceu·

305 2513 386 2578 turio
400 2511 571 2598 Casperius
583 2524 734 2598 praeerat.
756 2514 834 2578 nihil
848 2523 912 2579 tam
925 2514 1071 2601 ignarum
1083 2513 1223 2581 barbaris
1237 2536 1335 2598 quam

305 2606 555 2672 machinamenta
573 2617 604 2671 et
621 2616 708 2672 astus
726 2608 1011 2693 oppugnationum
1031 2606 1079 2696 [at
1095 2607 1186 2674 nobis
1204 2630 1243 2673 ea
1258 2630 1334 2693 pars

304 2699 432 2766 militiae
445 2699 582 2765 maxime
594 2723 693 2788 gnara
706 2699 785 2787 est]=
803 2701 848 2766 ita
859 2701 1064 2767 Radamistus
1077 2701 1193 2768 frustra
1200 2701 1251 2766 vel
1260 2723 1334 2766 cum

305 2795 420 2860 damno
442 2795 600 2880 temptatis
626 2795 851 2862 munitionibus
877 2795 1034 2862 obsidium
1058 2797 1180 2884 incipit3
1207 2805 1334 2862 etcum

305 2887 354 2956 vis
372 2889 600 2977 neglegeretur,
618 2890 780 2956 avaritiam
793 2890 943 2976 praefecti
957 2901 1138 2971 emereatur,
1157 2890 1335 2956 obtestante

307 2985 460 3072 Casperio
477 3007 517 3051 ne
540 2985 644 3052 socius
666 3008 735 3063 rex,
758 3007 798 3051 nc
815 2985 982 3063 Armenia,
1005 2985 1123 3051 donum
1144 2984 1252 3070 populi
1268 2985 1336 3049 Ro-
1453 3044 1459 3054 .

306 3079 405 3158 mani,
429 3079 545 3146 scelere
563 3090 595 3145 et
611 3080 745 3166 pecunia
761 3089 967 3157 verterentur3
984 3087 1145 3165 postremo
1161 3079 1235 3163 quia
1252 3078 1334 3142 mul-

307 3175 472 3241 titudinem
489 3174 760 3252 hostiumPollio,
783 3175 871 3239 iussa
887 3174 984 3260 patris
1002 3174 1206 3239 Radamistus
1223 3172 1336 3238 obten-

251 3331 255 3342 ,
307 3267 432 3345 debant,
446 3277 557 3354 pactus
569 3268 705 3334 indutias
718 3268 868 3346 abscedit,
883 3279 917 3334 ut
928 3268 990 3335 nisi
1002 3267 1238 3334 Pharasmanen
1250 3266 1335 3331 bello

306 3359 540 3436 absterruisset,
563 3359 761 3426 Ummidium
779 3361 991 3444 Quadratum,
1014 3363 1191 3449 praesidem
1210 3359 1334 3448 Syriae,

305 3450 432 3515 doceret
449 3472 512 3534 quo
529 3450 562 3514 in
581 3461 665 3516 statu
681 3451 835 3519 Armenia
852 3454 943 3522 foret.

254 3563 288 3614 te
369 3541 528 3630 Digressu
541 3546 730 3624 centurionis
740 3547 827 3611 velut
840 3549 970 3614 custode
979 3551 1142 3617 exsolutus
1155 3547 1334 3636 praefectus

306 3637 423 3706 hortari
439 3637 645 3704 Mithridaten
661 3639 703 3705 ad
721 3640 923 3706 sanciendum
941 3642 1064 3723 foedus,
1083 3643 1334 3710 coniunctionem

306 3735 437 3801 fratrum
454 3755 492 3800 ac
508 3733 643 3821 priorem
661 3744 762 3801 aetate
774 3733 1012 3803 Pharasmanen
1030 3747 1061 3804 et
1079 3748 1181 3804 cetera
1197 3735 1335 3803 necessi-

306 3829 450 3897 tudinum
467 3830 594 3896 nomina
610 3829 763 3909 referens,
781 3832 867 3915 quod
884 3831 981 3898 filiam
999 3833 1066 3898 eius
1084 3833 1118 3898 in
1135 3830 1335 3898 matrimonio

306 3922 449 4001 haberet,
473 3925 558 4010 quod
578 3924 648 4012 ipse
664 3924 854 3992 ’Radamisto
877 3947 965 3992 socer
987 3935 1085 4005 esset3
1112 3947 1175 3991 non
1197 3924 1334 3991 abnuere

288 4037 418 4104 pacem
430 4017 579 4098 Hiberos,
597 4042 788 4106 quamquam
805 4019 990 4107 intempore
1007 4019 1189 4098 validiorem
1208 4027 1239 4084 et
1257 4016 1334 4084 satis

307 4111 464 4196 cognitam
478 4109 701 4182 Armeniorum
718 4114 891 4202 perfidiam,
909 4119 968 4182 irec
985 4114 1071 4181 aliud
1087 4113 1222 4182 subsidii
1239 4133 1334 4198 quam
