3020 4958
325 477 387 542 292
672 482 855 541 CORNELII
874 481 1005 537 TAClTl

1245 580 1266 612 ι.
1277 584 1299 612 n.
1310 574 1356 614 sla.

324 646 463 712 felicium
485 643 647 708 hominum
671 641 817 706 affectus:
844 640 912 705 sola
929 639 1142 705 misericordia
1159 639 1302 718 valebat,
1327 657 1358 706 et

325 741 409 826 apud
427 739 563 803 minores
582 736 693 822 magis.

277 859 306 903 rr
390 833 519 898 Ducum
536 832 616 896 inter
633 852 668 895 se
684 830 790 895 brevis
807 851 911 894 sermo
924 838 1051 894 secutus
1065 839 1123 907 est,
1141 828 1204 894 hoc
1218 850 1359 912 conque·

325 939 409 994 rente
430 927 558 992 inritum
579 921 734 1002 laborem;
760 923 901 1009 potuisse
923 922 1042 988 bellum
1064 921 1143 1009 fuga
1164 922 1357 988 Parthorum

325 1022 421 1100 finiri;
447 1021 499 1085 ille
516 1020 639 1105 integra
659 1019 782 1103 utrique
804 1027 916 1083 cuncta
936 1018 1111 1103 respondit:
1137 1026 1358 1082 converterent

326 1116 446 1200 aquilas
464 1124 495 1179 ct
512 1114 610 1178 iuncti
626 1113 809 1178 invaderent
816 1111 1002 1176 Armeniam
1019 1111 1171 1178 abscessu
1184 1110 1357 1197 Vologesis

326 1211 521 1276 infirmatam.
548 1231 612 1272 non
628 1229 667 1272 ca
683 1206 878 1292 imperatoris
897 1205 1013 1272 babere
1030 1205 1179 1271 mandata
1197 1204 1356 1271 Corbulo:

325 1305 463 1391 periculo
472 1303 632 1389 legionum
640 1311 831 1367 commotum
839 1323 857 1366 e
866 1302 1027 1387 provincia
1034 1323 1215 1388 egressum3
1228 1300 1359 1384 quando

326 1399 359 1463 in
380 1399 498 1464 incerto
521 1396 695 1462 habeantur
717 1395 908 1460 Parthorum
930 1404 1076 1472 conatus,
1096 1392 1223 1480 Syriam
1240 1393 1358 1480 repeti-

326 1503 446 1568 turum;
470 1490 516 1555 sic
534 1512 659 1575 quoque
677 1491 827 1575 optimam
844 1486 1004 1554 fortunam
1020 1489 1184 1566 orandam,
1202 1498 1239 1552 ut
1255 1487 1357 1574 pedes

326 1585 487 1649 confectus
506 1584 615 1669 spatiis
633 1583 780 1648 itinerum
797 1583 933 1648 alacrem
950 1593 982 1647 ct
998 1581 1147 1647 facilitate
1170 1603 1358 1667 camporum

324 1677 576 1764 praevenientem
608 1677 746 1760 equitem
776 1678 1009 1761 adsequeretur.
1045 1676 1119 1742 exin
1147 1675 1267 1741 Paetus
1298 1698 1358 1762 per

326 1770 561 1858 Cappadociam
591 1770 777 1836 hibernavit.
814 1780 848 1835 at
872 1769 1041 1857 Vologesis
1072 1771 1114 1835 ad
1140 1769 1358 1836 Corbulonem

325 1864 414 1930 missi
431 1865 546 1929 nuntii:
564 1864 739 1930 detraheret
756 1864 886 1930 castella
902 1873 988 1930 trans
1006 1864 1193 1950 Euphraten
1214 1885 1359 1928 amnem-

326 1982 402 2044 que,
422 1959 562 2036 malim,
582 1959 721 2024 medium
738 1957 864 2024 faceret
890 1958 943 2023 ille
959 1957 1145 2024 Armeniam
1163 1979 1290 2041 quoque
1307 1957 1359 2022 di-

326 2053 426 2118 versis
448 2053 613 2139 praesidiis
635 2074 768 2116 r'acuam
788 2051 857 2120 lieri
883 2049 1112 2136 expostulabat
1141 2061 1175 2115 et
1196 2053 1359 2136 postremo

327 2148 483 2212 concessit
499 2169 570 2224 rex;
592 2147 758 2230 dirutaque
775 2167 856 2230 quae
873 2143 1058 2230 Euphraten
1080 2144 1163 2210 ultra
1180 2144 1360 2210 communi-

327 2252 415 2306 verat
433 2240 587 2318 Corhuln,
606 2251 638 2305 et
654 2240 799 2305 Armenii
816 2241 883 2305 sine
901 2239 1017 2305 arbitro
1034 2239 1133 2305 relicti
1151 2249 1233 2304 sunt

279 2355 309 2402 18
391 2334 438 2400 At
454 2335 575 2399 Romae
593 2345 721 2420 tropaea
737 2335 777 2399 de
794 2334 921 2399 Parthis
939 2355 1093 2417 arcusque
1111 2330 1359 2418 medioOapito-

327 2429 383 2493 lini
400 2429 514 2492 montis
537 2427 742 2506 sistebantur,
769 2429 894 2493 decreta
915 2427 956 2493 ab
979 2439 1090 2492 senatu
1111 2427 1233 2513 integro
1250 2427 1359 2492 adhuc

327 2521 410 2586 bello
427 2542 529 2604 neque
547 2531 613 2585 tum
635 2523 767 2599 omissa,
794 2522 871 2586 dum
893 2521 1034 2607 aspectui
1055 2521 1228 2586 consulitur
1249 2531 1360 2606 spreta

265 2661 272 2670 .
327 2614 525 2679 conscientia.
548 2614 624 2695 quin
642 2625 674 2679 et
690 2615 925 2680 dissimulandis
943 2637 1046 2679 rerum
1060 2625 1258 2680 externarum
1271 2615 1358 2680 curis

327 2706 411 2771 Nero
432 2706 626 2770 frumentum
647 2706 750 2792 plebis
771 2717 929 2774 vetustate
952 2718 1133 2794 corruptum
1157 2709 1191 2772 in
1212 2707 1358 2774 Tiberim

327 2800 412 2878 iecit,
440 2822 503 2884 quo
525 2801 726 2870 securitatem
748 2824 891 2868 annonae
914 2813 1116 2882 sustentaret3
1143 2803 1233 2868 ouius
1254 2803 1359 2887 pretio

327 2895 404 2960 nihil
427 2895 568 2960 additum
586 2905 649 2974 est,
675 2895 821 2980 quamvis
843 2897 994 2962 ducentas
1017 2896 1117 2962 ferme
1143 2920 1240 2962 naves
1261 2905 1359 2982 portu

328 2991 448 3077 inipso
466 2991 614 3057 violentia
635 2992 831 3077 tempestatis
853 3001 885 3056 et
906 3001 1032 3057 centum
1054 2992 1132 3058 alias
1150 2990 1259 3057 Tiberi
1280 2990 1360 3057 sub-

329 3098 436 3152 vectas
458 3085 604 3152 fortuitus
626 3087 710 3173 ignis
733 3086 971 3172 absumpsisset.
999 3087 1054 3152 tris
1074 3087 1147 3151 dein
1164 3085 1358 3164 consulares,

330 3181 371 3244 L.
388 3179 548 3258 Pisonem,
566 3180 748 3246 Ducenium
766 3178 952 3260 Geminum,
969 3180 1158 3267 Pompeium
1174 3178 1358 3256 Paulinum,

329 3273 535 3358 vectigalibus
553 3273 688 3358 publicis
706 3273 895 3360 praeposuit,
914 3295 987 3338 oum
998 3273 1203 3339 insectatione
1216 3273 1360 3358 priorum

328 3366 519 3450 principum,
542 3368 598 3450 qui
615 3369 769 3453 gravitate
787 3377 971 3454 sumptuum
986 3369 1086 3433 iustos
1104 3368 1222 3433 reditus
1241 3366 1360 3431 anteis-

330 3467 412 3522 sent:
432 3479 466 3522 se
480 3481 620 3522 annuum
634 3461 809 3526 sexcenties
829 3463 1007 3528 sestertium
1021 3463 1066 3526 rei
1079 3460 1225 3547 publicae
1238 3459 1358 3546 largiri.

280 3569 310 3616 19
393 3550 618 3616 Percrebuerat
631 3575 669 3617 ea
682 3563 867 3638 tempestate
880 3555 1087 3640 pravissimus
1101 3577 1180 3633 mos,
1200 3577 1273 3619 cum
1285 3575 1361 3638 pro-

328 3645 454 3732 pinquis
473 3644 605 3711 comitiis
624 3655 678 3710 aut
696 3656 778 3712 sorte
796 3649 1027 3732 provinciarum
1039 3649 1180 3736 plerique
1193 3647 1262 3714 orbi
1274 3647 1360 3712 fictis

330 3737 550 3827 adoptionibus
563 3739 774 3806 adsciscerent
787 3741 878 3820 filios,
897 3753 1121 3827 praeturasque
1135 3752 1166 3808 et
1178 3741 1360 3828 provincias
1395 3736 1400 3744 ’

330 3835 411 3901 inter
427 3845 532 3921 patres
550 3835 650 3902 sortiti
668 3835 773 3901 statim
791 3836 967 3902 emitterent
985 3861 1080 3902 manu
1093 3859 1173 3921 quos
1188 3837 1361 3921 adoptave-

330 3939 409 3994 rant.
427 3952 634 4016 magnacum
650 3931 769 3996 invidia
787 3940 930 3996 senatum
944 3931 1070 4008 adeunt,
1089 3931 1294 4007 inmaturae,
1313 3930 1360 3995 la·

330 4022 423 4090 b'ores
443 4024 597 4090 educandi
619 4025 770 4092 adversus
797 4025 940 4092 fraudem
963 4035 996 4090 ct
1017 4035 1100 4090 artes
1119 4034 1150 4090 et
1171 4024 1359 4091 brevitatem

331 4117 507 4201 adoptionis
526 4130 722 4185 enumerant:
752 4122 827 4188 satis
849 4119 941 4207 pretii
959 4143 1029 4186 esse
1047 4119 1132 4186 orbis
1155 4119 1240 4203 quod
1258 4118 1360 4184 multa

331 4210 505 4290 securitate,
516 4214 609 4280 nullis
619 4215 765 4280 oneribus
774 4216 917 4300 gratiam,
931 4215 1075 4293 honores,
1091 4224 1204 4281 cuncta
1211 4223 1362 4299 prompta
