3042 4956
344 433 404 512 188
692 451 873 510 conumu
887 451 1019 510 raorrr

1262 555 1282 586 ι.
1296 557 1324 587 ιι.
1337 547 1397 588 800.

333 613 547 691 referendam,
565 633 605 678 ne
618 611 696 677 ritus
711 633 869 677 sacrorum
882 611 963 677 inter
975 611 1124 698 ambigua
1138 612 1213 678 culti
1227 636 1284 698 per
1302 637 1393 700 pro-

343 731 435 796 spera
447 707 704 774 oblitterarentur.
727 704 845 770 factum
864 727 903 770 ex
921 727 958 770 eo
977 715 1104 771 senatus
1118 707 1312 786 consultum,
1336 708 1393 772 vi-

342 804 452 868 derent
468 800 630 888 pontifices
649 821 730 882 quae
747 800 909 864 retinenda
926 800 1140 884 firmandaque
1157 801 1390 887 haruspicum.

294 919 324 968 ιε
405 895 528 962 Eodem
546 917 627 960 anno
647 893 878 959 Cheruscorum
900 916 978 979 gens
999 915 1109 980 regem
1125 895 1229 959 Roma
1251 896 1390 981 petivit,

342 990 466 1058 amissis
484 1011 541 1075 per
561 988 683 1054 interna
704 987 786 1052 bella
807 986 964 1053 nobilibus
988 997 1019 1054 et
1040 1010 1104 1054 uno
1120 988 1242 1073 reliquo
1265 989 1389 1074 stirpis

341 1085 456 1172 regiae,
474 1083 529 1168 qui
542 1081 625 1168 apud
638 1081 747 1147 urbem
764 1081 947 1159 habebatur,
965 1082 1091 1146 nomine
1105 1081 1246 1148 Italicus.
1269 1093 1389 1168 pater-

341 1201 419 1247 num
435 1177 508 1242 huic
525 1199 625 1264 genus
644 1197 662 1241 e
678 1175 792 1253 Flavo,
811 1175 906 1240 fratre
923 1174 1073 1252 Arminii,
1096 1185 1198 1241 mater
1213 1198 1255 1240 ex
1274 1176 1388 1242 Catu-

342 1294 438 1350 mero‚
451 1270 590 1358 principe
602 1269 796 1346 Chattorum,
812 1277 891 1347 erat3
905 1269 973 1355 ipse
983 1269 1085 1335 forma
1093 1269 1224 1334 decorus
1235 1280 1268 1335 et
1276 1271 1384 1335 armis

342 1367 493 1451 equisque
510 1365 543 1430 in
559 1364 696 1450 patrium
718 1372 922 1446 nostrumque
944 1385 1063 1428 morem
1082 1362 1253 1443 exercitus3
1276 1363 1385 1449 igitur

343 1459 463 1526 Caesar
480 1467 605 1524 auctum
619 1456 760 1543 pecunia,
780 1457 893 1522 additis
909 1457 1120 1542 stipatoribus,
1139 1456 1282 1522 hortatur
1295 1479 1382 1543 gen-

232 1547 238 1556 ’
341 1553 394 1618 tile
412 1553 508 1618 decus
527 1573 642 1636 magno
660 1551 764 1616 animo
786 1573 965 1636 capessere:
989 1549 1077 1615 illum
1094 1550 1231 1635 primum
1248 1550 1379 1616 Romae
1489 1587 1496 1598 ·

340 1657 452 1723 ortum,
472 1667 529 1710 nec
544 1644 686 1710 obsidem
701 1646 758 1710 sed
771 1646 882 1722 civem,
900 1646 946 1710 ire
960 1656 1121 1710 externum
1135 1646 1177 1710 ad
1193 1645 1376 1732 imperium.

249 1817 251 1824 Ι
342 1762 379 1806 ac
395 1739 502 1826 primo'
514 1740 614 1804 laetus
633 1737 801 1805 Germanis
820 1741 987 1817 adventus,
1006 1749 1099 1825 atque
1118 1762 1155 1805 eo
1173 1741 1260 1824 quod
1277 1740 1376 1805 nullis

341 1833 504 1898 discordiis
527 1832 654 1898 inbutus
672 1833 740 1918 pari
757 1833 791 1898 in
808 1840 916 1898 omnes
939 1833 1042 1899 studio
1065 1844 1184 1920 ageret,
1209 1833 1374 1912 celebrari,

340 1927 414 2006 coli,
437 1928 531 1994 modo
549 1927 727 1993 comitatem
745 1936 776 1991 et
794 1929 1044 2013 temperantiam,
1067 1928 1145 1992 nulli
1161 1928 1278 2006 invisa,
1303 1952 1375 1994 sae-

340 2022 411 2107 pius
422 2022 622 2088 vinolentiam
631 2043 668 2087 ac
677 2021 832 2098 libidines,
842 2031 932 2108 grata
940 2021 1091 2100 barbaris,
1107 2045 1278 2108 usurpans:
1292 2023 1375 2089 iam·

341 2138 403 2200 que
416 2116 499 2202 apud
512 2115 681 2202 proximos,
700 2115 763 2180 iam
775 2115 900 2201 longius
915 2116 1093 2194 clarescere,
1113 2139 1185 2182 cum
1197 2119 1373 2202 potentiam

340 2211 407 2276 eius
427 2220 652 2296 suspectantes,
671 2210 724 2294 qui
742 2209 930 2276 factionibus
948 2211 1126 2288 floruerant,
1145 2211 1311 2276 discedunt
1331 2215 1373 2278 ad

340 2305 547 2370 conterminos
561 2304 695 2391 populos
710 2326 747 2369 ac
761 2301 965 2369 testificantur
978 2305 1074 2370 adimi
1088 2314 1225 2370 veterem
1236 2303 1374 2371 Germa»

339 2397 409 2461 niae
422 2396 597 2463 libertatem
610 2407 641 2460 et
654 2396 813 2462 Romanas
829 2419 905 2482 opes
919 2397 1094 2483 insurgere:
1114 2398 1192 2463 adeo
1210 2399 1370 2464 neminem

337 2490 439 2554 isdem
457 2489 489 2553 in
507 2490 595 2554 terris
615 2499 730 2567 ortum,
754 2490 809 2572 qui
826 2490 999 2576 principem
1021 2491 1125 2556 locum
1143 2491 1285 2577 impleat,
1307 2493 1371 2556 nisi

338 2582 540 2666 exploratoris
546 2582 637 2646 Flavi
646 2583 811 2668 progenies
822 2607 916 2669 super
925 2595 1053 2650 cunctos
1064 2585 1238 2650 attollatur?
1251 2586 1371 2652 frustra

337 2674 517 2740 Arminium
525 2676 695 2760 praescribi
700 2701 709 2754 ;
724 2676 813 2742 cuius
828 2678 854 2741 si
868 2678 950 2744 filius
960 2679 1066 2745 hostili
1078 2680 1111 2744 in
1125 2680 1192 2745 solo
1200 2680 1327 2746 adultus
1338 2681 1371 2744 in

337 2791 470 2856 regnum
490 2769 641 2846 venisset,
660 2791 754 2855 posse
773 2771 936 2838 extimesoi
953 2773 1104 2838 infectum
1122 2774 1283 2852 alimonio,
1303 2797 1371 2839 ser-

338 2863 427 2940 vitio,
452 2862 551 2941 cultu,
571 2864 715 2933 omuibus
735 2866 884 2930 externisr
908 2875 940 2932 at
958 2868 985 2932 si
1002 2877 1132 2952 paterna
1149 2868 1260 2934 Italico
1278 2891 1370 2933 mens

338 2967 436 3036 esset,
460 2981 524 3024 non
545 2958 642 3024 alium
663 2958 816 3026 infensius
839 2983 926 3026 arma
948 2971 1055 3027 contra
1076 2963 1208 3048 patriam
1231 2985 1269 3028 ac
1291 2963 1369 3028 deos

337 3063 467 3138 penates
486 3075 581 3138 quam
598 3062 759 3139 parentem
777 3054 844 3120 eius
863 3055 1050 3120 exercuisse.

291 3169 320 3217 rr
399 3148 462 3214 His
480 3159 574 3233 atque
591 3148 706 3214 talibus
724 3172 855 3236 magnas
874 3149 980 3234 copias
999 3171 1130 3236 coegere
1136 3174 1145 3230 ;
1163 3173 1222 3216 nec
1238 3151 1369 3236 paucio-

337 3263 387 3307 res
405 3242 552 3306 Italicum
575 3243 884 3326 sequebanturrnou
902 3243 984 3310 enim
1007 3245 1156 3330 irrupisse
1179 3246 1220 3310 ad
1240 3246 1368 3324 invitos,

338 3335 394 3398 sed
408 3336 542 3398 accitum
556 3337 758 3416 memorabat,
773 3339 898 3422 quando
912 3338 1072 3404 nobilitate
1087 3349 1206 3404 ceteros
1221 3339 1368 3404 anteiret:

337 3427 483 3490 virtutem
502 3428 726 3511 experirentur,
746 3454 786 3496 an
804 3433 934 3518 dignum
953 3455 987 3498 se
1005 3440 1116 3518 patruo
1133 3432 1288 3512 Arminio,
1307 3456 1369 3498 aro

337 3518 507 3584 Catumero
530 3521 707 3605 praeberet3
730 3547 789 3589 nec
810 3537 931 3611 patrem
949 3527 1068 3605 rubori,
1092 3529 1177 3611 quod
1199 3528 1294 3593 fidem
1311 3529 1370 3593 ad-

336 3636 446 3679 versus
460 3613 621 3680 Romanos
639 3616 817 3684 volentibus
833 3617 1000 3688 Germanis
1019 3633 1177 3707 sumptam
1194 3644 1368 3706 numquam

336 3708 508 3788 omisisset3
522 3708 603 3776 salso
617 3709 767 3777 libertatis
781 3715 969 3780 vocabulum
984 3716 1112 3782 obtendi
1125 3717 1165 3782 ab
1178 3718 1227 3782 his
1242 3719 1296 3802 qui
1305 3719 1369 3803 pri-

336 3805 433 3872 vatim
447 3806 627 3894 degeneres,
641 3806 675 3870 in
683 3806 844 3892 pubhcum
854 3811 985 3888 exitiosi,
1001 3812 1077 3876 nihil
1087 3813 1155 3896 spei
1168 3812 1228 3876 nisi
1237 3814 1368 3898 perdis·

336 3901 459 3968 cardias
472 3900 617 3967 habeant.
641 3902 840 3989 adstrepebat
853 3905 925 3970 huic
940 3905 1042 3971 alacre
1056 3906 1186 3992 vulgus3
1206 3918 1237 3972 et
1250 3929 1367 3992 magno

336 3994 416 4060 inter
424 3995 573 4062 barbaros
583 3996 700 4081 proeho
709 3997 808 4063 victor
816 4021 881 4077 rex,
896 3998 968 4064 dein
978 3998 1116 4064 secunda
1130 3999 1256 4064 fortuna
1264 4000 1305 4064 ad
1314 4021 1367 4064 su·

335 4087 476 4170 perhiam
485 4090 650 4175 prolapsus
659 4089 832 4177 pulsusque
842 4117 878 4160 ac
887 4117 994 4160 rursus
1004 4093 1289 4180 Langobardorum
1299 4093 1368 4178 opi·

336 4179 395 4246 bus
405 4183 551 4261 refectus,
560 4187 716 4269 perlaeta,
730 4189 985 4273 peradvcrsares
995 4188 1173 4256 Cheruscas
1183 4187 1365 4255 alllictabat.
