3010 4962
416 433 625 494 ANNALIUM
641 433 716 490 LlB.
725 435 764 490 11.
776 434 895 492 17-21.
1126 423 1166 490 51

140 527 258 581 neam.
277 525 279 532 ·
538 539 549 572 r

139 617 249 662 eorum
275 594 410 672 catenis,
437 613 516 677 quas
542 593 577 658 in
593 591 756 661 Romanos
782 602 818 658 ut
843 613 907 658 uon
932 592 1029 660 dubio
1054 603 1169 662 eventu

137 696 349 776 portaverant
366 686 458 752 miles
471 686 506 752 in
518 685 708 772 locoproelii
717 685 879 752 Tiberium
887 687 1105 774 imperatorem
1119 711 1169 756 sa·

137 782 251 848 letavit
268 781 443 866 struxitque
461 801 610 868 aggerem
627 789 659 846 et
675 780 709 845 in
725 781 855 846 modum
867 791 1064 868 tropaeorum
1082 805 1169 850 arma

138 875 325 962 subscriptis
343 875 497 940 victarum
514 873 656 960 gentium
672 873 851 940 nominibus
868 873 1026 965 imposuit

200 969 301 1036 Haud
317 968 448 1056 perinde
461 966 639 1033 Germanos
653 967 789 1047 maluere,
799 968 913 1048 luctus,
933 969 1055 1035 excidia
1071 991 1167 1055 qnam
1188 989 1218 1036 ra

93 1116 103 1132 .
136 1085 174 1129 ea
192 1061 315 1150 speeies
334 1063 441 1128 dolore
459 1071 491 1127 et
507 1062 554 1126 ira
571 1061 701 1126 adfecit:
728 1062 780 1147 qui
802 1062 897 1128 modo
920 1059 1006 1128 abire
1028 1062 1166 1142 sedibus,

137 1167 223 1222 trans
244 1156 353 1221 Albim
380 1155 551 1221 concedere
572 1153 739 1240 parabant,
770 1177 910 1242 pugnam
932 1155 1054 1234 volunt,
1082 1177 1168 1222 arma

113 1283 115 1288 ·
136 1251 278 1336 rapiunt3
296 1249 420 1337 plebes,
438 1249 605 1336 primores,
624 1249 785 1327 iuventus,
809 1271 900 1314 senes
918 1271 1033 1336 agmen
1049 1249 1168 1315 Roma·

137 1367 214 1408 num
232 1353 360 1430 repente
377 1344 547 1421 incursant,
566 1342 706 1421 tmbann
728 1352 887 1428 postremo
905 1344 1047 1431 deligunt
1063 1343 1167 1408 locum

136 1437 268 1502 flumine
290 1447 321 1502 et
344 1438 431 1510 silvis
455 1437 612 1515 clausum,
643 1446 712 1502 arta
726 1437 812 1502 intus
828 1437 957 1524 planitie
975 1447 1007 1503 et
1023 1437 1166 1503 humida:

138 1533 237 1598 silva's
263 1553 387 1616 quoque
413 1531 571 1618 profunda
595 1531 688 1618 palus
714 1531 867 1611 ambibat,
894 1532 956 1598 nisi
977 1534 1063 1616 quod
1084 1531 1166 1598 latus

137 1649 239 1690 unum
255 1623 438 1712 Angrivarii
454 1625 519 1692 lato
537 1647 654 1712 aggere
672 1625 859 1704 extulerant,
878 1648 941 1710 quo
959 1649 978 1692 a
996 1623 1166 1692 Cheruscis

20 1773 22 1780 Α
137 1721 368 1785 dirimerentur:
395 1720 447 1784 hic
464 1720 562 1806 pedes
580 1719 713 1798 adstitit3
737 1720 874 1804 equitem
886 1721 1069 1806 propinquis
1087 1721 1166 1786 lucis

136 1825 259 1893 texere,
277 1823 313 1878 ut
328 1814 481 1901 ingressis
500 1815 613 1879 silvam
629 1814 806 1901 legionibus
825 1839 845 1880 a
862 1825 951 1902 tergo
968 1815 1058 1880 foret.
1088 1813 1166 1880 nihil
1184 1823 1218 1871 ‘2⁰

136 1931 175 1974 ex
192 1909 245 1974 bis
264 1907 395 1974 Caesari
412 1908 621 1995 incognitum:
649 1909 793 1987 consilia,
815 1909 916 1986 locos,
935 1918 1094 1994 prompta,
1113 1930 1167 1974 oc-

136 2002 222 2068 culta
244 2011 373 2068 noverat
394 2010 544 2086 astusque
566 2002 704 2072 hostium
726 2002 760 2066 in
776 2003 947 2088 perniciem
968 2002 1047 2087 ipsis
1065 2011 1167 2066 verte-

137 2096 199 2162 bat
221 2094 296 2163 Seio
307 2095 467 2161 Tuberoni
483 2097 589 2183 legato
603 2097 701 2161 tradit
719 2097 855 2180 equitem
872 2116 1095 2181 campumque;
1112 2115 1168 2180 pe-

136 2191 239 2255 ditum
260 2191 360 2254 aciem
380 2190 425 2254 ita
446 2190 594 2255 instruxit
615 2198 651 2255 ut
671 2211 745 2275 pars
768 2212 869 2274 aequo
891 2190 924 2253 in
946 2189 1059 2254 silvam
1080 2189 1167 2254 aditu

135 2285 304 2361 incederet,
318 2305 392 2368 pers
402 2282 559 2349 obiectum
572 2306 721 2370 aggerem
735 2284 915 2362 eniteretur:
929 2283 1015 2368 quod
1023 2282 1165 2360 arduum,

136 2377 210 2457 sibi,
228 2386 330 2443 cetera
346 2377 458 2464 legatis
472 2379 623 2463 permisit.
642 2378 756 2462 quibus
770 2379 864 2464 plana
878 2387 1054 2457 evenerant,
1074 2377 1166 2444 facile

135 2473 296 2558 imupere3
314 2473 385 2555 quis
402 2472 625 2558 inpugnandus
645 2493 752 2559 agger,
775 2482 811 2538 ut
828 2474 856 2538 si
873 2495 998 2538 murum
1015 2473 1165 2540 succede-
1202 2467 1205 2473 ’

135 2571 214 2644 rent,
235 2565 383 2652 gravibus
404 2566 669 2652 superne-ictibus
689 2567 960 2647 conflictabantur3
983 2567 1082 2633 sensit
1099 2568 1164 2632 dux

134 2659 278 2746 inparem
296 2660 471 2725 comminus
488 2682 628 2747 pugnam
641 2661 832 2745 remotisque
845 2663 975 2749 paulum
987 2660 1164 2750 legionibus

135 2753 310 2818 funditores
327 2752 545 2838 libritoresque
563 2764 708 2820 excutere
726 2755 789 2820 tela
802 2764 833 2820 et
844 2756 1027 2842 proturbare
1041 2756 1165 2822 hostem

136 2846 239 2924 iubet3
256 2847 371 2912 missae
386 2869 404 2912 e
418 2849 579 2914 tormentis
591 2849 710 2926 hastae,
729 2858 909 2933 quantoque
922 2850 1085 2936 conspicui
1098 2873 1165 2914 ma·

136 2940 185 3026 gis
203 2950 466 3027 propugnatores,
488 2942 735 3028 tantopluribus
753 2943 934 3008 vulneribus
953 2943 1074 3008 deiecti.
1101 2943 1165 3027 pri-

135 3056 208 3100 mus
233 3033 446 3100 Caesareum
467 3037 630 3122 praetoriis
653 3035 834 3101 cohortibus
861 3045 953 3120 capto
973 3035 1057 3099 vallo
1079 3035 1165 3099 dedit

135 3129 289 3215 impetum
305 3129 340 3192 in
357 3130 461 3195 silvas.
485 3131 608 3196 conlato
625 3129 689 3194 illic
706 3129 808 3216 gradu
825 3137 990 3194 certatum:
1009 3127 1165 3193 hostema

137 3230 227 3309 tergo
235 3223 337 3308 palus,
351 3223 513 3304 Romanos
522 3225 640 3290 fiumen
653 3233 708 3288 aut
720 3232 843 3288 montes
853 3221 1053 3288 claudebant:
1071 3222 1165 3290 utris-

135 3338 198 3400 que
215 3319 386 3384 necessitas
404 3317 438 3383 in
454 3318 539 3398 loco,
567 3341 640 3406 spes
657 3319 691 3385 in
707 3319 835 3397 virtute,
859 3317 944 3384 salus
963 3339 1003 3383 ex
1019 3317 1163 3396 victoria;

45 3421 48 3428 '
136 3433 196 3476 nec
213 3412 315 3477 minor
323 3410 491 3479 Germanis
510 3415 644 3493 animus,
664 3414 720 3478 sed
737 3435 852 3500 genere
869 3433 995 3500 pugnae
1012 3422 1044 3478 et
1061 3433 1164 3478 armo-
1181 3416 1212 3464 21

135 3527 206 3570 rum
225 3507 460 3592 superabantur,
479 3530 551 3573 cum
572 3509 684 3595 ingens
702 3509 868 3574 multitudo
886 3509 961 3573 artis
979 3507 1056 3573 locis
1073 3529 1164 3593 prae-

135 3599 247 3686 longas
271 3600 379 3666 hastas
397 3624 460 3667 nou
477 3604 688 3688 protenderet,
712 3625 776 3668 uon
794 3603 965 3689 colligeret,
988 3623 1091 3685 neque
1108 3601 1164 3666 ad·

136 3692 270 3760 sultibus
288 3703 321 3760 et
337 3696 501 3762 velocitate
519 3719 684 3783 corporum
701 3706 849 3776 uteretur,
868 3705 977 3762 coacta
994 3695 1104 3760 stabile
1123 3695 1164 3758 ad

134 3789 304 3872 proelium,
323 3799 431 3856 contra
447 3791 553 3870 miles,
576 3792 628 3857 cui
650 3801 775 3857 scutum
791 3791 911 3877 pectori
929 3790 1113 3874 adpressum
1132 3796 1163 3850 et

135 3881 274 3948 insidens
293 3885 405 3970 capulo
422 3909 549 3965 manus,
567 3887 648 3952 latos
665 3885 870 3951 barbarorum
887 3893 987 3960 artus,
1006 3882 1092 3946 nuda
1108 3903 1164 3946 ora

133 3974 256 4042 foderet
273 3978 420 4064 viamque
439 3989 543 4067 strage
565 3979 703 4046 hostium
726 3979 873 4064 aperiret,
899 3977 1078 4062 inprompto
1099 3975 1161 4052 iam

133 4072 278 4137 Arminio
294 4071 338 4137 ob
355 4073 503 4142 continua
519 4074 666 4160 pericula,
686 4073 753 4139 sive
770 4071 859 4136 illum
874 4092 985 4136 recens
998 4079 1164 4155 acceptum·
1276 4087 1282 4103 ‘

134 4163 246 4230 vulnus
266 4165 458 4246 tardaverat3
482 4169 558 4252 quin
576 4178 607 4232 et
624 4167 874 4254 Inguiomerum,
897 4173 963 4230 tota
979 4165 1161 4231 volitantem

949 4266 991 4331 4}
