3042 4956
298 411 364 494 e'eo
642 432 979 494 consummem

1217 531 1332 571 nawa.

297 599 380 664 intra
400 595 535 682 priorem
561 601 776 680 paupertatem
798 593 983 660 subsistere:
1011 603 1043 659 et
1063 594 1161 660 fixum
1184 605 1331 663 estsere
1414 651 1418 656 .

296 691 425 779 publico
451 698 578 756 senatus
609 687 799 766 consultum,
831 710 894 773 quo
923 689 1087 754 libertinus
1119 691 1254 756 sestertii
1280 703 1330 758 ter

297 785 421 851 miliens
440 805 606 871 possessor
626 783 771 865 antiquae
788 783 996 868 parsimoniae
1016 783 1163 850 laudibus
1185 785 1330 850 cumula-

246 993 280 1042 nt
359 971 408 1038 At
427 995 492 1038 non
512 971 609 1037 frater
629 971 711 1048 eius,
734 979 942 1056 cognomento
963 970 1069 1048 Felix,
1091 972 1160 1056 pari
1181 971 1329 1038 modera-

296 1067 381 1132 tione
393 1065 516 1153 agebat,
534 1065 598 1130 iam
614 1065 735 1150 pridem
747 1063 883 1130 Iudaeae
896 1063 1061 1150 impositus
1079 1075 1111 1129 et
1128 1074 1240 1131 cuncta
1257 1089 1329 1130 ma-

295 1160 410 1226 lefacta
422 1159 482 1226 sibi
494 1160 610 1245 inpune
622 1169 708 1224 ratus
723 1166 810 1223 tanta
821 1159 961 1243 potentia
973 1157 1117 1224 subnixo.
1141 1182 1217 1224 sane
1233 1181 1328 1245 prae-

295 1254 428 1320 buerant
447 1253 558 1320 Iudaei
579 1253 717 1339 speeiem
742 1262 847 1318 motus
868 1262 937 1317 orta
964 1253 1128 1331 seditione,
1154 1263 1327 1338 postquam

297 1347 333 1434 [a
352 1348 386 1415 C.
407 1348 533 1415 Caesare
549 1350 625 1412 iussi
641 1359 728 1412 aaut
749 1347 880 1433 effipiam
897 1349 959 1411 eius
976 1349 1010 1411 ia
1032 1349 1141 1432 templo
1161 1349 1275 1423 locam
1296 1361 1328 1414 et

295 1439 494 1528 quostquam]
513 1441 639 1526 cognita
655 1440 751 1505 caede
769 1439 837 1504 eius
855 1437 940 1505 baird
962 1439 1211 1526 obtemperatum
1228 1451 1326 1520 esset,

294 1535 441 1600 manebat
457 1544 559 1600 metus
577 1557 617 1600 ne
634 1534 705 1618 quis
727 1535 904 1620 principum
921 1535 1031 1600 eadem
1048 1534 1248 1620 imperitaret.
1277 1547 1326 1602 at-

293 1651 355 1713 que
368 1629 491 1693 interim
502 1628 594 1692 Felix
606 1628 834 1714 intempestivis
847 1629 992 1694 remediis
1005 1629 1119 1694 delicta
1132 1629 1326 1696 accendebat

293 1722 417 1788 aemulo
438 1722 480 1786 ad
501 1722 668 1788 deterrima
684 1721 833 1788 Ventidio
852 1721 1010 1801 Cumano,
1033 1724 1084 1788 cui
1104 1746 1179 1809 pars
1196 1724 1326 1809 provin-

293 1818 360 1884 ciae
377 1816 563 1894 habebatur,
582 1817 626 1882 ita
643 1816 752 1881 divisis
770 1826 806 1881 ut
824 1816 899 1882 huic
917 1815 1130 1884 Galilaeorum
1146 1818 1242 1896 natio,
1260 1818 1326 1884 Fe-

293 1912 347 1976 lici
364 1909 538 1978 Samaritae
555 1919 713 1997 parerent,
736 1911 895 1977 discordes
914 1912 989 1977 olim
1007 1921 1039 1976 et
1055 1921 1123 1977 tum
1140 1921 1324 1998 contemptu

293 2009 469 2096 regentium
493 2008 597 2073 minus
624 2008 765 2074 coercitis
787 2008 882 2085 odiis;
908 2008 1005 2094 igitur
1029 2015 1152 2093 raptare
1173 2009 1255 2072 inter
1277 2029 1322 2086 se,

293 2104 459 2170 immittere
471 2103 627 2168 latronum
635 2101 757 2189 globos,
771 2124 957 2187 componere
971 2102 1100 2168 insidias
1110 2112 1141 2166 et
1154 2102 1323 2185 aliquando

249 2247 252 2258 ,
293 2199 419 2284 proeliis
436 2198 594 2284 congredi,
614 2197 774 2282 spoliaque
792 2205 823 2261 et
835 2196 968 2282 praedas
986 2197 1026 2260 ad
1040 2206 1255 2282 procuratores
1273 2218 1324 2260 re·

294 2293 390 2370 ferre3
402 2293 498 2375 hique
509 2292 611 2376 primo
623 2291 731 2356 laetari
735 2315 745 2368 3
759 2312 834 2356 mox
846 2289 997 2376 gliscente
1005 2290 1142 2376 pernicie
1156 2312 1227 2355 curu
1234 2313 1324 2354 arma

292 2386 428 2451 militum
444 2385 680 2463 interiecissent,
698 2386 783 2450 caesi
795 2385 923 2450 milites:
942 2385 1131 2469 arsissetque
1149 2384 1232 2450 bello
1249 2407 1324 2469 pro-

292 2479 408 2555 vincia,
426 2479 459 2542 ni
478 2478 674 2561 Quadratus,
694 2477 806 2564 Syriae
823 2488 938 2556 rector,
958 2478 1165 2544 subvenisset.
1188 2499 1247 2543 nec
1264 2478 1322 2544 diu

292 2572 442 2638 adversus
460 2572 610 2650 Iudaeos,
629 2573 684 2656 qni
700 2573 734 2636 in
750 2595 861 2638 necem
877 2574 1012 2638 militum
1028 2582 1243 2658 proruperant,
1261 2573 1323 2637 du-

292 2665 424 2732 bitatum
436 2665 513 2750 quin
525 2666 627 2750 capite
639 2689 757 2752 poenas
770 2667 906 2732 luerent:
922 2666 1085 2734 Cumanus
1099 2678 1131 2733 et
1138 2667 1230 2733 Felix
1243 2690 1322 2732 cun-

292 2759 458 2825 ctationem
475 2758 667 2836 adserebant,
686 2760 761 2844 quia
774 2759 927 2827 Claudius
946 2761 1049 2827 causis
1066 2761 1244 2828 rebellionis
1262 2783 1322 2826 au-

291 2853 364 2918 ditis
390 2853 439 2919 ius
463 2854 620 2918 statuendi
642 2854 736 2920 etiam
757 2855 797 2920 de
819 2854 1071 2940 procuratoribus
1094 2855 1236 2933 dederat3
1263 2855 1322 2920 sed

292 2947 473 3032 Quadratus
494 2946 634 3014 Felicem
654 2949 736 3014 inter
756 2947 874 3014 iudices
897 2949 1078 3027 ostentavit,
1104 2958 1263 3034 receptum
1285 2949 1322 3013 in

291 3042 435 3122 tribuual,
455 3066 518 3129 quo
536 3043 641 3108 studia
653 3043 867 3109 accusantium
880 3043 1120 3122 deterrerentur3
1139 3044 1321 3109 damnatus·

291 3161 353 3223 que
375 3138 563 3226 flagitiorum
585 3159 666 3222 quae
684 3139 746 3204 duo
768 3137 961 3222 deliquerant
979 3136 1156 3215 Cumanus,
1180 3147 1212 3202 et
1227 3136 1319 3221 quies

290 3233 468 3318 provinciae
486 3233 617 3297 reddita.

240 3347 273 3395 55
354 3327 422 3392 Nec
446 3325 545 3390 multo
571 3336 643 3412 post
664 3327 835 3413 agrestium
858 3326 992 3392 Cilicum
1018 3327 1174 3404 nationes,
1201 3323 1318 3410 quibus

291 3419 445 3484 Clitarum
471 3429 728 3504 cognomentum,
755 3443 849 3507 saepe
872 3431 903 3487 et
925 3422 1002 3488 alias
1028 3428 1215 3498 commotae,
1242 3429 1319 3484 tuuc

289 3510 473 3576 Troxobore
491 3511 571 3576 duce
588 3521 711 3577 montes
729 3536 858 3598 asperos
876 3516 987 3581 cestris
1006 3537 1116 3602 cepere
1134 3523 1227 3600 atque
1244 3513 1318 3578 inde

289 3605 424 3672 decursu
445 3603 479 3670 in
499 3604 592 3670 litora
612 3614 667 3670 aut
687 3605 781 3671 urbes
803 3607 868 3671 vim
894 3607 1065 3676 cultoribus
1089 3618 1120 3674 et
1141 3607 1317 3694 oppidanis,

290 3724 327 3767 ac
343 3699 527 3787 plerumque
543 3698 577 3764 iu
594 3709 782 3764 mercatores
800 3709 832 3765 et
848 3702 1057 3768 navicularios
1075 3701 1242 3779 audebant,
1261 3699 1316 3765 ob·

242 3855 248 3868 ,
290 3817 440 3880 sessaque
458 3792 567 3860 civitas
584 3791 838 3873 Anemuriensis,
861 3804 893 3860 et
910 3795 999 3860 missi
1017 3819 1034 3861 e
1053 3794 1148 3881 Syria
1164 3795 1198 3860 in
1215 3793 1318 3860 subsi-

290 3891 376 3957 dium
389 3890 511 3976 equites
525 3912 597 3956 cum
609 3888 768 3976 praefecto
783 3887 893 3955 Curtio
908 3888 1027 3956 Severo
1040 3888 1212 3965 turbantur,
1231 3887 1317 3972 quod

289 3985 359 4051 duri
377 3985 494 4051 circum
511 3984 571 4051 loci
587 3984 807 4072 peditibusque
829 3983 871 4050 ad
886 4006 1026 4072 pugnam
1046 3982 1152 4049 idonei
1173 3991 1316 4066 equestre

288 4079 440 4164 proelium
458 4079 543 4144 baud
559 4078 765 4165 patiebantur.
788 4079 861 4144 dein
877 4101 933 4144 rex
951 4079 1018 4144 eius
1036 4100 1109 4142 orae
1126 4075 1315 4152 Antiochus,

288 4170 508 4240 blandimentis
522 4173 689 4241 adversum
702 4174 836 4260 plebem,
855 4173 964 4240 fraudo
982 4173 1016 4238 in
1029 4173 1141 4238 ducem
1155 4193 1227 4238 eum
1244 4169 1316 4236 bar·
