3042 4956
444 423 651 486 ANNALIUM
667 425 742 482 LIB.
756 425 823 482 XII.
840 425 960 484 45-48.
1147 415 1210 482 217

185 523 302 576 acuar.

185 589 351 658 castellum
369 593 546 652 commeatu
564 605 712 671 egenum:
730 605 770 648 ne
788 583 944 650 dubitaret
957 584 1051 650 armis
1068 585 1213 653 incruen-

183 695 232 750 tas
250 680 452 748 condiciones
470 678 572 744 malle.
600 686 763 744 cunctante
786 678 827 742 ad
849 700 887 742 ea
903 677 1085 746 Mithridate
1107 691 1139 752 et
1160 705 1213 748 su-

186 777 303 864 spectis
322 774 473 861 praelecti
491 771 638 850 consiliis,
657 771 741 856 quod
759 772 912 857 paelicem
927 773 1047 859 regiam
1060 775 1213 860 polluerat

183 873 280 956 inque
299 891 425 935 omnem
446 867 605 933 libidinem
627 867 746 932 venalis
768 865 955 944 habebatur,
979 865 1149 954 Casperius
1166 869 1214 934 in-

184 967 276 1032 terim
294 965 337 1030 ad
354 962 589 1050 Pharasmanen
605 961 757 1047 pervadit,
776 969 872 1044 utque
889 960 1003 1026 Hiberi
1020 961 1142 1027 obsidio
1160 963 1214 1028 de-

130 1073 134 1080 ’
185 1061 301 1126 cedant
313 1057 504 1144 expostulat:
521 1056 573 1122 ille
585 1055 747 1142 propalam
760 1055 877 1120 incerta
889 1065 923 1120 et
934 1056 1059 1142 saepius
1072 1057 1215 1124 molliora

183 1153 395 1240 respondens,
414 1151 542 1217 secretis
558 1149 675 1216 nuntiis
693 1159 799 1214 monet
815 1149 1034 1215 Radamistum
1052 1148 1223 1238 obpugnae

184 1249 305 1313 tionem
323 1267 449 1330 quoquo
466 1245 560 1311 modo
577 1244 726 1321 celerare3
750 1252 882 1329 augetur
898 1241 1008 1329 flagitii
1024 1266 1160 1322 merces,
1183 1255 1215 1310 et

184 1341 290 1407 Pollio
308 1339 431 1406 occulta
447 1338 644 1423 corruptione
661 1337 782 1422 inpellit
798 1336 927 1415 milites,
946 1348 981 1402 ut
997 1361 1107 1424 pacem
1124 1340 1215 1426 flagi-

185 1445 289 1502 tarent
311 1456 408 1518 seque
425 1433 616 1519 praesidium
638 1432 810 1498 omissuros
827 1432 1056 1498 minitarentur:
1079 1456 1142 1518 qua
1158 1457 1214 1500 ne-

185 1529 333 1594 cessitate
355 1526 554 1592 Mithridates
576 1527 661 1591 diem
685 1525 852 1611 locumque
874 1526 993 1594 foederi
1019 1529 1140 1614 accepit
1161 1551 1214 1594 ca-

186 1623 341 1707 stelloque
359 1622 525 1708 egreditur.

250 1716 303 1781 Ae
320 1715 420 1801 primo
437 1715 640 1780 Radamistus
657 1714 691 1780 in
708 1714 870 1802 amplexus
893 1716 960 1782 eius
978 1715 1097 1783 etihsus
1116 1717 1213 1783 simu·
1229 1738 1263 1788 47

185 1810 251 1876 lare
269 1809 465 1894 obsequium,
484 1831 626 1875 socerum
639 1831 677 1874 ao
688 1819 850 1895 parentem
863 1810 1043 1895 appellarer
1052 1811 1145 1876 adicit
1163 1812 1213 1877 ius

185 1905 368 1982 iurandum,
395 1927 458 1970 non
479 1904 575 1983 ferro,
602 1926 666 1969 non
687 1927 808 1970 veneno
830 1905 895 1968 vim
917 1905 1096 1983 allaturum3
1120 1906 1213 1970 simul

187 2000 220 2064 in
237 2000 344 2064 lucum
361 1999 569 2085 propinquum
588 1999 690 2076 trahit,
708 1999 869 2084 provisum
885 1997 950 2064 illic
967 1997 1110 2063 sacrificii
1122 2021 1214 2083 para-

83 2171 88 2178 ,
187 2103 255 2157 tum
272 2092 428 2169 dictitans,
446 2101 482 2157 ut
498 2091 558 2157 diis
577 2091 709 2157 testibus
727 2114 791 2178 pax
807 2091 991 2156 firmaretur.
1014 2111 1082 2156 mos
1101 2100 1149 2154 est
1165 2113 1215 2154 re-

186 2184 296 2273 gibus,
324 2186 467 2270 quotiens
489 2185 523 2249 in
545 2172 726 2251 societatem
752 2193 876 2261 coeant,
902 2182 1062 2269 implicare
1088 2183 1213 2248 dextras

187 2280 379 2366 pollicesque
404 2280 485 2346 inter
506 2301 541 2346 se
563 2279 680 2345 uincire
705 2279 850 2363 nodoque
872 2278 1114 2365 praestringere:
1140 2300 1214 2342 mox

187 2373 243 2440 ubi
261 2376 389 2460 sanguis
409 2371 470 2460 [in]
490 2384 575 2440 artus
598 2383 753 2440 extremos
777 2372 955 2450 suffuderit,
979 2372 1041 2437 leui
1062 2371 1126 2437 ictu
1145 2394 1214 2436 cm·

187 2489 275 2532 orem
292 2467 419 2532 eliciunt
436 2477 528 2552 atque
551 2468 685 2532 invicem
706 2466 863 2545 lambunt:
885 2466 917 2532 id
935 2466 1047 2532 foedus
1065 2487 1214 2531 arcanum

187 2560 321 2626 hebetur
346 2561 437 2645 quasi
458 2572 567 2627 mutuo
594 2583 701 2628 cruore
728 2570 893 2628 sacratum.
926 2562 982 2628 sed
1004 2570 1079 2626 tuno
1100 2561 1155 2645 qui
1176 2582 1214 2626 ea

188 2654 292 2719 vincla
317 2655 517 2734 admovebat,
543 2656 698 2722 decidisse
725 2655 874 2722 simulans
896 2678 1001 2742 genua
1021 2654 1214 2720 Mithridatis

188 2749 309 2814 invadit
333 2749 499 2834 ipsumque
520 2749 700 2835 prosternit3
727 2750 882 2834 simulque
903 2772 1057 2815 concursu
1078 2749 1215 2834 plurium

188 2843 356 2908 iniciuntur
373 2853 500 2908 catenae
518 2866 555 2908 ac
573 2845 737 2930 compede,
755 2844 841 2926 quod
858 2843 1046 2908 dedecorum
1063 2841 1214 2920 barbaris,

189 2935 383 3014 trahebatur3
405 2959 538 3021 moxque
560 2938 690 3024 vulgus,
713 2938 792 3002 duro
813 2936 945 3020 imperio
966 2935 1121 3011 habitum,
1143 2958 1216 3019 pro-

189 3029 247 3095 bra
264 3051 302 3095 ac
319 3029 448 3096 verbera
464 3031 649 3098 intentabat:
668 3041 699 3096 et
717 3039 805 3095 erant
822 3037 929 3094 eontra
945 3029 1000 3112 qui
1017 3035 1135 3092 tantam
1152 3027 1217 3091 sor·

189 3132 284 3188 tunae
306 3125 580 3190 commutationem
601 3125 837 3200 miserarentnr;
861 3131 1030 3204 secutaque
1052 3141 1125 3184 cum
1146 3142 1217 3205 par-

189 3218 238 3282 vis
256 3217 362 3283 liberis
380 3219 493 3284 coniux
511 3229 624 3285 cuncta
639 3217 859 3284 lamentatione
877 3215 1062 3302 complebat
1085 3212 1216 3296 diuersis

191 3321 222 3376 et
244 3312 393 3377 contectis
415 3313 566 3378 vehiculis
589 3313 760 3390 abduntur,
788 3311 864 3376 dum
884 3307 1108 3376 Pharasmanis
1130 3307 1218 3374 iussa

191 3405 439 3489 exquirerentur:
461 3407 508 3471 illi
524 3407 638 3493 cupido
655 3406 748 3493 regni
767 3405 861 3471 fratre
879 3414 911 3470 et
927 3403 992 3470 filia
1012 3402 1127 3489 potior,
1150 3401 1218 3468 ani·

190 3520 324 3583 musque
343 3498 512 3565 sceleribus
529 3511 671 3585 paratum
694 3500 777 3566 visui
795 3508 899 3565 tamen
917 3497 1088 3576 consuluit,
1106 3519 1147 3562 ne
1165 3517 1217 3561 co·

190 3615 258 3658 ram
279 3593 479 3672 interficeret:
503 3605 534 3659 et
554 3593 773 3672 Radamistus,
797 3595 888 3679 quasi
908 3593 985 3659 iuris
1007 3591 1130 3658 iurandi
1151 3612 1218 3654 me-

191 3707 273 3762 mor,
299 3708 363 3751 non
385 3687 515 3765 serrum,
541 3711 605 3753 non
626 3710 782 3772 venenum
803 3688 836 3752 in
859 3709 997 3752 sororem
1019 3694 1050 3750 et
1071 3692 1217 3768 patruum

192 3780 359 3864 expromit,
383 3781 439 3846 sed
460 3781 615 3867 proiectos
637 3782 671 3847 in
688 3781 819 3846 humum
837 3790 868 3844 et
889 3788 977 3844 veste
994 3777 1093 3840 multa
1114 3774 1218 3859 gravi-

191 3894 252 3956 que
270 3883 394 3960 opertos
411 3883 512 3940 necat
535 3874 590 3941 filii
608 3897 731 3959 quoque
744 3872 947 3948 Mithridatis,
966 3869 1052 3953 quod
1069 3866 1217 3932 caedibus

190 3977 356 4052 parentum
373 3968 641 4046 illacrimaverant,
660 3966 805 4033 trucidati
819 3973 901 4030 sunt.

254 4060 302 4126 At
315 4061 497 4146 Quadratus
516 4085 710 4152 cognoscens
727 4060 884 4147 proditum
897 4055 1103 4122 Mithridaten
1121 4061 1152 4118 et
1168 4075 1217 4118 rc-
1235 4073 1267 4122 :8

191 4157 335 4243 gnumab
344 4157 594 4226 interfectoribus
600 4155 742 4234 obtineri,
751 4161 845 4220 vocat
853 4150 1027 4231 consilium,
1037 4151 1129 4218 docet
1136 4157 1215 4228 acta,
