3042 4956
333 429 397 496 204
684 436 866 495 CORNELII
879 433 1010 492 TACITI

1250 537 1271 566 ι.
1281 537 1302 568 a.
1313 528 1366 568 eoa.

285 625 315 672 13
395 597 493 666 Exim
506 594 631 662 nivibus
645 603 677 660 et
689 593 847 660 montibus
860 593 946 670 fessi,
965 602 1132 679 postquam
1146 615 1275 679 campos
1288 618 1368 680 pro—

330 691 534 781 pinquabant,
548 689 646 775 copiis
661 687 792 754 Carenis
806 688 1027 774 adiungrmtur,
1046 687 1254 771 tramissoque
1268 711 1366 754 amne

333 788 422 874 Tigri
438 793 600 873 permeant
615 781 813 859 Adiabenos,
832 803 966 866 quorum
983 803 1039 846 rex
1055 780 1159 846 Izates
1179 782 1365 847 societatem

331 879 525 948 Meherdatis
547 877 652 964 palam
673 876 829 952 induerat,
855 875 889 940 in
912 873 1072 940 Gotarzen
1097 897 1154 960 per
1180 877 1304 940 occulta
1331 887 1366 940 et

332 975 434 1062 magis
457 973 520 1038 fida
540 969 723 1047 inclinabat3
750 969 806 1034 sed
828 978 920 1054 capta
941 969 975 1033 in
996 969 1129 1034 transitu
1150 968 1226 1034 urbs
1248 968 1362 1048 Ninos,

332 1068 545 1135 vetustissima
562 1066 653 1131 sedes
671 1062 838 1149 Assyriae,
861 1076 889 1128 et
906 1063 924 1096 *
942 1064 1106 1129 castellum
1121 1063 1245 1150 insigne
1262 1064 1361 1142 fama,

332 1165 417 1250 quod
425 1172 581 1249 postremo
595 1161 675 1224 inter
682 1159 816 1223 Darium
825 1157 1145 1242 atqueAlexandrum
1153 1159 1273 1245 proelio
1283 1158 1363 1226 Per-

333 1280 437 1324 sarum
454 1256 518 1320 illic
536 1276 611 1340 opes
630 1252 837 1319 conciderant.
860 1252 978 1318 interea
996 1250 1150 1318 Gotarzes
1169 1253 1256 1338 apud
1270 1275 1364 1318 mon-

332 1363 395 1418 tem
414 1350 464 1415 cui
481 1369 596 1414 nomen
616 1344 788 1424 Sanbulos,
810 1356 884 1410 rota
901 1346 950 1412 dis
967 1345 1029 1410 loci
1047 1344 1251 1431 suscipiebat,
1269 1369 1364 1432 prae-

332 1446 424 1531 cipua
442 1443 594 1527 religione
615 1439 776 1518 Herculia,
804 1440 858 1523 qui
880 1449 1018 1525 tempore
1041 1448 1123 1505 stato
1144 1462 1200 1525 per
1221 1440 1362 1523 quietem

329 1546 436 1604 monet
454 1534 631 1600 sacerdotes
649 1544 685 1598 ut
702 1533 853 1620 templum
865 1533 953 1598 iuxta
971 1555 1068 1618 equos
1082 1534 1209 1598 venatui
1227 1535 1363 1600 adorna-

330 1644 379 1698 tos
398 1631 523 1706 sistant3
546 1628 619 1712 equi
635 1627 691 1693 ubi
707 1627 868 1712 pharetras
888 1627 957 1693 telis
975 1637 1103 1694 onustas
1123 1650 1285 1714 accepere,
1304 1653 1363 1714 per

330 1725 428 1791 saltus
436 1722 510 1809 vagi
519 1731 609 1787 nocte
619 1721 745 1786 demum
754 1721 862 1786 vacuis
871 1721 1023 1807 pharetris
1032 1721 1130 1787 multo
1140 1745 1211 1787 cum
1220 1723 1362 1788 anhelitu

328 1818 473 1895 redeunt;
499 1837 624 1881 rursum
646 1815 739 1892 deus,
766 1837 829 1899 qua
851 1816 946 1881 silvas
968 1817 1187 1901 pererraverit,
1205 1827 1362 1882 nocturno

330 1913 402 1978 visu
418 1912 623 1987 demonstrat,
642 1909 898 1996 reperiunturque
915 1909 1006 1974 fusae
1023 1911 1143 1995 passim
1159 1911 1254 1976 ferae.

282 2033 313 2080 14
396 2006 546 2073 Ceterum
564 2001 733 2081 Gotarzes,
756 2004 896 2068 nondum
918 2005 994 2070 satis
1016 2015 1108 2070 aucto
1126 2005 1277 2083 exercitu,
1302 2005 1363 2070 flu-

331 2103 415 2168 mine
429 2099 547 2166 Corma
558 2121 615 2186 pro
629 2097 821 2166 munimento
835 2099 890 2177 uti,
909 2107 940 2164 et
957 2120 1145 2185 quamquam
1157 2122 1214 2186 per
1225 2100 1363 2165 insecta-

331 2198 431 2263 tiones
454 2203 486 2260 et
506 2194 632 2260 nuntios
655 2193 695 2258 ad
715 2193 868 2279 proelium
890 2203 1066 2272 vocaretur,
1092 2205 1217 2259 nectere
1243 2216 1361 2270 moras,

330 2292 418 2356 locos
434 2297 555 2354 mutare
578 2297 609 2353 et
626 2287 730 2352 missis
754 2286 984 2372 corruptoribus
1008 2289 1183 2352 exuendam
1205 2287 1247 2351 ad
1262 2287 1361 2352 fidem

331 2385 437 2450 hostes
455 2382 618 2448 emercari:
637 2403 677 2446 ex
694 2381 764 2465 quis
782 2381 886 2447 Izates
904 2379 1099 2461 Adiabenus,
1119 2381 1361 2448 mox'Acharus

330 2477 474 2543 Arabum
492 2497 564 2540 cum
582 2474 721 2540 exercitu
737 2475 924 2553 abscedunt,
946 2475 1072 2541 levitate
1090 2477 1212 2562 gentili,
1235 2486 1267 2541 et
1284 2477 1362 2560 quia

331 2569 550 2656 experimentis
577 2568 737 2653 cognitum
760 2578 809 2634 cst
834 2569 983 2635 barbaros
1010 2570 1102 2635 malle
1123 2571 1227 2636 Roma
1252 2579 1361 2656 petere

330 2686 421 2750 reges
443 2683 539 2746 quam
560 2660 685 2726 habere.
713 2670 746 2726 at
763 2661 966 2730 Meherdates
988 2664 1099 2729 validis
1118 2664 1241 2729 auxiliis
1258 2664 1362 2727 nuda-

330 2768 395 2835 tus,
414 2765 588 2822 ceterorum
604 2755 779 2841 proditione
798 2767 958 2842 suspecta,
977 2759 1062 2842 quod
1077 2781 1176 2822 unum
1192 2757 1359 2841 reliquum,

329 2874 397 2918 rem
409 2850 442 2916 in
455 2871 564 2916 casum
577 2850 651 2914 dare
664 2849 845 2936 proelioque
859 2852 993 2936 experiri
1001 2852 1122 2916 statuit:
1135 2873 1193 2916 nec
1206 2851 1361 2916 detrecta-

330 2947 377 3012 vit
396 2968 536 3032 pugnam
560 2943 714 3011 Gotarzes
737 2945 905 3011 deminutis
931 2945 1075 3011 hostibus
1097 2945 1201 3024 ferox3
1228 2967 1361 3010 concur-

332 3063 463 3124 sumque
481 3062 597 3126 magna
613 3039 709 3104 caede
727 3047 758 3104 et
775 3038 923 3125 ambiguo
941 3050 1064 3118 eventu,
1084 3040 1183 3106 donec
1202 3038 1360 3104 Carenem

329 3136 504 3223 profligatis
527 3135 668 3202 obversis
689 3134 816 3221 longius
838 3143 981 3200 evectum
1002 3135 1161 3221 integere
1178 3143 1266 3221 tergo
1288 3134 1361 3220 glo-

331 3230 391 3296 bus
405 3230 650 3295 circumveniret.
674 3239 741 3294 tum
754 3229 839 3316 omni
852 3250 908 3315 spe
920 3229 1042 3315 perdita
1054 3228 1265 3307 Meherdates,
1283 3251 1360 3314 pro-

330 3325 429 3388 missa
444 3323 603 3400 Parracis,
626 3323 748 3408 paterni
766 3323 901 3400 clientis,
925 3333 1064 3401 secutus,
1083 3323 1156 3390 dolo
1174 3323 1241 3390 eius
1259 3323 1361 3388 vinci-

330 3427 381 3481 tur
397 3417 591 3500 traditurque
612 3417 736 3483 viclori:
759 3426 853 3501 atque
870 3419 922 3482 ille
943 3441 1006 3484 non
1027 3419 1238 3504 propinquum
1254 3439 1359 3502 neque

329 3507 460 3574 Arsacis
474 3509 630 3594 degente,
650 3511 707 3574 sed
719 3511 926 3597 alienigenam
941 3522 972 3578 et
984 3512 1163 3578 Romanum
1180 3512 1359 3597 increpans,

330 3602 458 3669 auribus
480 3603 594 3669 decisis
615 3604 721 3670 vivere
743 3604 843 3684 iubet,
866 3607 1003 3671 ostentui
1024 3606 1205 3672 clementiae
1229 3628 1304 3671 suae
1328 3615 1360 3670 et

331 3699 365 3764 in
380 3721 439 3766 nos
457 3698 744 3765 dehonestamento.
771 3699 844 3764 dein
862 3697 1016 3766 Gotarzes
1034 3700 1144 3766 morbo
1162 3700 1253 3777 obiit,
1277 3700 1360 3765 acci-

332 3804 445 3878 tusque
463 3793 497 3860 in
512 3816 646 3882 regnum
663 3791 813 3860 Vonones
831 3794 946 3862 Medos
969 3804 1036 3860 tum
1057 3795 1249 3881 praesidens.
1272 3793 1361 3858 nulla

331 3889 404 3954 huic
420 3911 571 3976 prospera
587 3898 642 3954 aut
654 3889 795 3968 adversa,
813 3890 884 3974 quis
902 3899 1139 3956 memoraretur:
1157 3888 1246 3954 brevi
1263 3897 1294 3954 et
1309 3887 1360 3952 in-

331 3982 430 4068 glorio
448 3984 579 4070 imperio
595 3983 779 4071 perfunctus
797 3994 854 4064 est,
872 4005 985 4070 resque
1002 3983 1191 4050 Parthorum
1208 3982 1242 4046 in
1259 3981 1358 4046 filium

332 4078 400 4142 eius
418 4076 600 4164 Vologesen
618 4079 793 4146 translatae.

282 4193 312 4239 15
393 4169 441 4236 At
453 4171 652 4240 Mithridates
666 4174 868 4260 Bosporanus
882 4174 1006 4242 amissis
1020 4171 1132 4260 opibus
1147 4195 1257 4259 vagus,
1270 4179 1361 4256 post-
