3020 4958
420 467 628 528 currerunt
644 465 719 523 nra.
732 451 811 524 xrv‘.
830 469 948 524 21-23.
1132 455 1196 521 265

167 578 189 616 p.
200 563 242 606 ca.
252 565 287 603 aa

232 632 322 696 Inter
338 650 419 713 quae
437 637 469 692 et
486 626 573 691 sidus
586 634 723 691 cometes
741 625 867 703 effulsit,
886 626 926 690 de
944 645 1007 710 quo
1023 625 1111 712 vulgi
1129 627 1196 712 opi·
1214 645 1246 694 22

168 729 222 792 nio
240 734 290 790 est
307 734 468 806 tamquam
480 720 684 784 mutationem
701 720 785 806 regis
798 721 971 804 portendat
993 720 1089 806 igitur
1106 720 1196 803 quasi

168 822 232 885 iam
251 817 384 903 depulso
400 815 537 890 Nerone,
560 814 706 896 quisnam
723 813 911 899 deligeretur
927 812 1146 898 anquirebant,
1165 823 1197 878 et

169 914 313 980 omnium
338 932 391 975 ore
412 907 578 974 Rubellius
600 907 733 972 Plautus
760 907 1025 986 celebratur,.cui
1050 907 1197 972 nobilitas

168 1031 227 1096 per
238 1016 371 1072 matrem
385 1025 426 1068 ex
438 1003 519 1068 Iulia
531 1002 664 1080 familia3
681 1003 750 1087 ipse
768 1003 882 1088 placita
899 1003 1052 1068 maiorum
1066 1001 1196 1079 colebat,
1241 1067 1245 1078 ,

169 1101 282 1168 habitu
299 1119 418 1175 severo,
437 1106 525 1161 casta
542 1105 574 1160 et
591 1105 711 1160 secreta
723 1096 826 1174 domo,
846 1107 1024 1180 quantoque
1041 1106 1128 1160 metu
1145 1117 1199 1160 oo·

170 1195 293 1271 cultior,
312 1202 398 1256 tanto
409 1190 480 1277 plus
498 1190 604 1255 famae
616 1190 757 1274 adeptus.
780 1191 869 1254 auxit
884 1183 1041 1256 rumorem
1059 1189 1127 1274 pari
1144 1211 1199 1253 va-

169 1289 269 1352 nitate
291 1295 360 1351 orta
379 1284 592 1368 interpretatio
614 1283 765 1368 fulgur-isa
785 1307 859 1348 nam
877 1285 951 1367 quia
972 1283 1198 1352 discumbentis

171 1381 306 1448 Neronis
313 1379 669 1466 apudSimbminasbrgnn
676 1375 788 1442 lucillo
794 1375 845 1440 cui
860 1375 1075 1461 Sublaqueum
1084 1391 1199 1442 nomen

172 1484 235 1553 est,
253 1475 334 1540 ictae
352 1473 449 1559 dapes
465 1492 638 1554 mensaque
657 1470 787 1536 disiecta
805 1481 879 1548 crat,
898 1472 992 1555 idque
1009 1471 1124 1536 finibus
1144 1471 1199 1536 Ti-

171 1570 300 1634 burtum
318 1565 486 1642 acciderat,
509 1566 593 1629 unde
610 1581 741 1650 paterna
757 1563 872 1630 Plauto
890 1565 991 1652 origo,
1011 1564 1094 1629 hunc
1111 1563 1199 1628 illum

172 1662 301 1727 numine
318 1660 413 1724 deum
431 1658 579 1724 destinari
597 1657 764 1725 credebant
780 1658 993 1744 fovebantque
1009 1659 1112 1736 multi,
1131 1659 1200 1742 qui-

172 1757 233 1822 bus
256 1775 339 1820 nova
356 1763 388 1817 et
409 1752 555 1838 ancipitia
576 1752 752 1838 praecolere
775 1753 867 1818 avida
888 1763 920 1820 et
941 1754 1124 1839 plerumque
1140 1752 1200 1817 fal-

172 1851 226 1914 lax
238 1848 367 1915 ambitio
380 1856 436 1912 est.
460 1869 535 1933 crgo
547 1856 707 1933 permotus
721 1847 770 1912 his
783 1847 814 1913 N
815 1869 868 1914 ero
881 1849 1038 1933 componit
1051 1849 1092 1911 ad
1103 1846 1200 1912 Plau-

172 1956 240 2008 tum
252 1943 380 2018 litteras,
395 1940 570 2006 consuleret
582 1941 679 2023 quieti
691 1939 778 2006 urbis
792 1963 888 2024 seque
901 1964 999 2026 prava
1011 1940 1200 2004 diffamanti-

172 2038 234 2103 bus
249 2035 458 2112 subtraheret3
472 2057 542 2100 esse
554 2035 600 2098 illi
611 2056 669 2121 per
681 2031 795 2100 Asiam
808 2034 908 2099 avitos
922 2055 1025 2122 agros,
1039 2033 1072 2097 in
1085 2031 1199 2115 quibus

172 2142 242 2196 tuta
259 2140 291 2194 et
306 2128 464 2194 inturbida
484 2129 612 2193 iuventa
633 2128 802 2192 frueretur:
824 2127 869 2192 ita
884 2128 959 2192 illuc
976 2148 1049 2192 cum
1066 2125 1200 2210 coniuge

172 2224 315 2290 Antistia
331 2233 362 2290 et
378 2223 487 2308 paucis
506 2223 706 2288 familiarium
725 2222 889 2288 concessit.

237 2318 346 2383 Isdem
363 2317 474 2383 diebus
492 2312 588 2382 nimia
608 2317 702 2394 luxus
721 2316 834 2402 cupido
852 2315 1014 2382 infamiam
1033 2314 1202 2401 etpericu-

173 2415 240 2478 lum
261 2411 377 2478 Neroni
400 2412 483 2489 tulit,
507 2412 581 2494 quia
601 2411 722 2479 fontem
744 2434 844 2496 aquae
866 2411 1007 2477 Marciae
1029 2412 1070 2476 ad
1091 2409 1202 2475 urbem

174 2508 327 2600 deductae
353 2506 458 2570 nando
482 2506 655 2572 incesserat
675 2505 901 2590 videbaturque
926 2515 1020 2592 potus
1043 2527 1148 2570 sacros
1172 2513 1203 2568 et

174 2601 396 2666 caerimoniam
412 2600 474 2664 loci
491 2621 619 2685 corpore
637 2601 701 2666 loto
718 2600 877 2687 polluisse,
898 2611 1067 2685 secutaque
1086 2619 1201 2691 anceps

173 2695 314 2760 valitudo
330 2695 409 2758 iram
428 2694 522 2758 deum
540 2693 716 2760 affirmavit.

239 2787 286 2853 At
304 2786 443 2853 Corbulo
461 2797 532 2872 post
549 2787 652 2853 deleta
668 2787 824 2854 Artaxata
839 2790 991 2854 utendum
1007 2785 1125 2852 recenti
1143 2796 1204 2850 ter·
1221 2803 1254 2850 23

173 2905 244 2948 rore
261 2892 347 2946 ratus
366 2882 407 2946 ad
424 2882 607 2966 occupanda
619 2882 853 2968 Tigranocerta,
872 2882 986 2965 quibus
1005 2881 1119 2946 excisis
1138 2901 1204 2944 me-

165 2987 243 3042 tum
264 2975 401 3041 hostiurn
418 2975 592 3040 intenderet
608 2975 673 3053 vel,
693 2977 720 3040 si
736 2975 938 3061 pepercisset,
957 2972 1205 3040 clementiaefa-

174 3092 261 3134 mam
278 3069 516 3154 adipisceretur,
537 3069 611 3134 illuc
628 3070 744 3156 pergit,
767 3091 831 3133 non
847 3067 971 3132 infenso
990 3065 1141 3140 exercitu,
1164 3087 1204 3128 ne

176 3185 268 3248 spem
285 3164 394 3228 veniae
411 3163 561 3242 auferret,
585 3185 687 3247 neque
705 3173 811 3230 tamen
827 3161 959 3227 remissa
975 3181 1065 3236 cura,
1088 3179 1204 3244 gnarus

174 3256 302 3321 facilem
319 3267 441 3322 mutatu
453 3267 580 3344 gentem
597 3267 633 3321 ut
646 3279 775 3343 segnem
793 3255 834 3324 ad
851 3254 998 3342 pericula,
1016 3253 1060 3318 ita
1077 3249 1205 3316 infidam

176 3351 218 3414 ad
240 3351 432 3416 occasiones.
462 3350 601 3427 barbari,
625 3372 681 3437 pro
703 3351 830 3436 ingenio
852 3349 998 3434 quisque,
1022 3346 1075 3418 alii
1096 3367 1204 3432 preces

176 3443 299 3522 offerre,
319 3444 446 3528 quidam
460 3445 604 3509 deserere
618 3445 704 3510 vicos
723 3455 754 3510 et
771 3445 804 3509 in
821 3445 892 3510 avia
909 3443 1044 3532 digredi;
1063 3463 1101 3506 ao
1118 3439 1205 3505 fuere

176 3537 232 3620 qui
254 3560 289 3602 se
311 3538 468 3624 speluncis
486 3548 518 3602 et
535 3538 696 3604 carissima
714 3559 820 3605 secum
842 3537 1001 3604 abderent
1028 3537 1124 3624 igitur
1141 3535 1206 3598 dux

175 3631 341 3696 Romanus
364 3632 497 3697 diversis
520 3633 653 3710 artibus,
680 3633 892 3700 misericordia
914 3625 1064 3698 adversus
1088 3628 1207 3713 suppli-

177 3747 245 3802 ces,
264 3725 422 3791 celeritate
440 3728 590 3791 adversus
608 3727 774 3814 profugos,
796 3727 913 3791 inmitis
931 3725 980 3792 his
999 3724 1054 3807 qui
1070 3721 1207 3785 latebras

175 3820 370 3899 insederant,
394 3843 450 3886 ora
467 3830 498 3885 et
515 3821 617 3886 exitus
641 3842 792 3906 specuum
814 3819 978 3884 sarmentis
1000 3813 1206 3900 virgultisque

177 3913 351 3998 completos
367 3914 436 4000 igni
453 3915 563 3980 exurit.
587 3925 681 3998 atque
698 3914 786 3977 illum
799 3912 877 3977 fines
896 3931 971 3976 suos
988 3905 1206 3994 praegredien-
1255 3993 1257 3998 Ι

177 4015 241 4070 tem
254 4007 454 4073 incursavere
463 4008 578 4086 Mardi,
592 4006 761 4072 latrociniis
776 4003 903 4070 exerciti
915 4010 1083 4084 contraque
1095 4001 1207 4065 irrum-

176 4110 305 4184 pentem
313 4101 472 4174 montibus
482 4101 619 4178 defensi3
633 4122 712 4182 quos
719 4096 858 4164 Corbulo
867 4095 1004 4162 inmissis
1014 4093 1143 4160 Hiberis
1153 4115 1207 4160 va-

177 4194 274 4258 stavit
291 4194 499 4281 hostilemque
518 4193 681 4260 audaciam
700 4201 828 4258 extemo
847 4191 998 4279 sanguine
1017 4189 1100 4255 ultus
1119 4199 1175 4254 est.
