3020 4958
313 421 376 488 326
479 403 484 420 ²
665 430 848 489 coauuuu
861 429 991 488 sacrm

261 611 292 660 aa
311 598 479 678 terrogant.
498 589 575 674 quin
584 599 615 654 et
623 589 677 654 illa
685 588 871 666 obiectabat,
885 589 1039 675 principio
1049 589 1123 654 anni
1132 528 1349 660 vitarelTuhiffi

312 708 400 751 seam
409 684 560 750 sollemne
570 683 619 748 ius
628 683 805 760 iurandum,
824 683 1111 769 nuncupationibus
1122 695 1267 751 votorum
1280 711 1348 753 non

311 780 432 856 adesse,
443 777 588 863 quamvis
597 776 867 861 quindecimvirali
876 778 1051 844 sacerdotio
1059 780 1246 864 praeditum,
1252 805 1348 847 num-

310 895 407 958 quam
415 895 473 959 pro
483 871 583 936 salute
592 870 742 957 principis
752 881 806 946 aut
820 871 947 938 caelesti
957 894 1036 938 voce
1044 872 1270 953 immolavisse,
1289 877 1347 941 ad-

312 968 439 1033 siduum
452 966 528 1032 olim
541 975 573 1031 et
586 964 791 1043 indefessum,
810 966 865 1050 qui
882 967 1065 1053 volgaribus
1079 991 1204 1052 quoque
1217 979 1347 1055 patrum

312 1062 462 1128 consultis
478 1070 577 1126 semet
589 1061 745 1126 fautorem
759 1071 813 1125 aut
821 1061 1037 1128 adversarium
1045 1064 1233 1141 ostenderet,
1249 1065 1347 1129 trien·

312 1157 364 1222 nio
377 1177 441 1223 non
454 1155 599 1221 introisse
614 1154 733 1220 curiam
745 1155 996 1240 nuperrimeque,
1014 1177 1088 1221 cmn
1102 1157 1144 1222 ad
1153 1159 1346 1224 coercendos

314 1249 458 1317 Silanum
474 1259 505 1314 et
513 1249 662 1315 Veterem
676 1249 818 1314 certatim
831 1260 1074 1328 concurreretur,
1093 1251 1224 1336 privatis
1238 1252 1346 1337 potius

312 1345 471 1409 clientium
480 1342 615 1429 negotiis
624 1343 802 1408 vacavisse:
813 1343 1024 1409 secessionem
1033 1345 1097 1410 iam
1105 1345 1139 1410 id
1148 1355 1178 1410 et
1186 1357 1292 1431 partes
1303 1356 1345 1424 et,

313 1439 339 1502 si
353 1439 438 1504 idem
452 1438 541 1503 multi
551 1438 696 1514 audeant,
706 1437 825 1502 bellum
840 1459 920 1502 esse.
941 1447 995 1518 „ut
1004 1440 1162 1522 quondam
1173 1439 1211 1504 O.
1224 1439 1347 1506 Caesa

312 1537 398 1597 rem“
414 1533 514 1616 inquit
529 1541 580 1610 „et
589 1531 636 1596 M.
644 1529 808 1610 Catonem,
823 1532 867 1597 ita
880 1555 964 1598 nunc
973 1542 1013 1609 te,
1023 1532 1054 1597 N
1055 1555 1117 1611 ero,
1128 1543 1159 1598 et
1168 1533 1347 1600 Thraseam

312 1626 404 1692 avida
417 1626 644 1690 discordiarum
659 1625 771 1691 civitas
785 1626 936 1711 loquitur;
955 1637 987 1692 et
1000 1627 1100 1693 habet
1109 1638 1279 1694 sectatores
1293 1630 1347 1696 vel

311 1721 415 1806 potius
435 1719 600 1796 satellites,
627 1719 682 1802 qui
703 1719 845 1784 noudrun
868 1722 1100 1788 contumaciam
1118 1723 1345 1789 sententiarum

312 1816 369 1879 scd
382 1811 523 1879 habitum
532 1812 714 1896 voltumque
724 1813 792 1878 eius
807 1823 974 1892 sectantur,
993 1816 1089 1902 rigidi
1102 1828 1133 1882 et
1145 1817 1261 1895 tristes,
1280 1841 1358 1902 quo*

312 1907 745 1993 tibilasciviamcxprobrent.
764 1908 1345 1988 huicuniin'columitastuasinecura,

312 2014 395 2069 artes
409 2004 476 2069 sinc
490 2003 617 2068 honore.
635 2025 804 2089 prosperas
816 2004 968 2090 principis
986 2027 1037 2070 res
1057 2006 1188 2090 speruit:
1208 2005 1345 2070 etiamne

312 2098 448 2164 luctibus
467 2107 498 2162 et
515 2097 675 2162 doloribus
688 2121 753 2162 non
767 2098 918 2164 satiatur?
935 2099 1077 2164 eiusdem
1091 2100 1188 2165 animi
1201 2099 1346 2186 cstPop-

312 2215 424 2280 paeam
442 2193 548 2257 divam
570 2215 634 2258 non
651 2193 791 2270 credere,
815 2193 905 2258 cuius
927 2192 960 2259 iu
983 2201 1053 2258 acta
1070 2193 1136 2258 divi
1153 2193 1296 2280 Augusti
1314 2211 1346 2260 et

313 2286 456 2352 diviIulii
465 2309 528 2352 non
537 2287 648 2352 iurare.
664 2287 783 2373 spernit
790 2287 969 2374 religiones,
976 2286 1109 2373 abrogat
1116 2288 1215 2375 leges.
1231 2288 1346 2352 diurna

312 2381 421 2467 populi
438 2381 576 2446 Romani
592 2403 649 2467 por
670 2381 866 2467 provincias,
889 2404 946 2468 per
968 2382 1124 2446 exercitus
1142 2382 1281 2446 curatius
1300 2381 1345 2446 le-

313 2485 439 2560 guntur,
458 2485 493 2539 ut
509 2485 659 2539 noscatur
675 2475 752 2559 quid
762 2474 905 2541 Thrasea
922 2499 986 2542 non
999 2475 1117 2540 fecerit.
1137 2486 1191 2540 aut
1204 2484 1346 2540 hansea-

314 2589 384 2630 mus
403 2568 444 2632 ad
461 2567 515 2632 illa
532 2567 687 2644 instituta,
712 2568 739 2632 si
760 2569 882 2652 potiora
899 2579 986 2647 sunt,
1014 2579 1068 2634 aut
1088 2591 1173 2636 nova
1191 2568 1345 2653 cupienti-

313 2661 373 2726 bus
391 2660 552 2724 auferatur
564 2657 629 2724 d'ux
648 2669 678 2724 et
692 2670 809 2726 auctor.
827 2662 891 2727 ista
904 2673 991 2729 secta
999 2663 1185 2729 Tuberones
1200 2662 1346 2728 etFavo-

312 2755 392 2830 nios,
411 2754 508 2819 veteri
522 2775 648 2838 quoque
661 2753 707 2819 rei
720 2754 865 2840 publicae
878 2755 1004 2843 ingrata
1016 2757 1153 2835 nomina,
1171 2757 1290 2843 genuit
1309 2767 1344 2822 ut

313 2848 479 2934 imperium
496 2859 650 2926 evertant,
669 2849 844 2916 hbcrtatem
865 2851 1059 2936 praeferunt:
1083 2852 1111 2916 si
1128 2851 1344 2937 perverterint,

313 2943 488 3010 libertatem
505 2944 609 3031 ipsam
626 2945 858 3032 adgredientur.
881 2947 998 3012 frustra
1016 2945 1168 3013 Cassium
1186 2946 1342 3022 amovisti,

315 3040 342 3105 si
359 3039 492 3126 gliscere
511 3049 541 3104 ct
559 3041 665 3126 vigere
674 3039 845 3109 Brutorum
863 3041 1003 3106 aemulos
1021 3063 1174 3127 passurus
1193 3063 1238 3105 es.
1256 3041 1345 3104 deni-

314 3157 376 3218 que
393 3134 471 3198 nihil
489 3135 558 3220 ipse
576 3135 615 3199 de
634 3134 776 3200 Thrasea
793 3135 970 3222 scripseris:
994 3135 1236 3220 disceptatorem
1255 3156 1346 3198 sena·

314 3241 380 3292 tum
398 3228 490 3294 nobis
507 3228 678 3313 relinque.“
698 3230 818 3294 extollit
830 3230 878 3294 ira
890 3239 1070 3316 promptum
1081 3228 1265 3314 Cossutiani
1279 3229 1346 3292 ani·

315 3345 401 3385 mum
418 3322 502 3386 Nero
520 3323 676 3407 adicitque
694 3323 883 3389 Marcellum
900 3323 1051 3409 Eprium,
1074 3324 1139 3388 acri
1157 3322 1344 3406 eloquentia.

264 3432 295 3477 23
378 3412 424 3477 At
436 3414 573 3478 Baream
588 3413 745 3480 Soranum
763 3417 826 3481 iam
845 3417 906 3482 sibi
917 3416 1066 3484 Ostorius
1078 3415 1227 3494 Sabinus,
1247 3437 1345 3500 eques

314 3507 486 3584 Romanus,
505 3519 690 3592 poposcerat
706 3505 853 3574 rcum'ex
870 3511 1094 3595 proconsulatu
1103 3509 1212 3586 Asiae,
1230 3510 1264 3575 in
1282 3531 1346 3592 qua

314 3601 505 3668 offensiones
523 3601 673 3687 principis
692 3603 780 3667 auxit
796 3603 915 3668 iustitia
933 3613 1027 3688 atque
1050 3604 1205 3670 industria
1221 3613 1252 3668 et
1269 3603 1347 3687 quia

314 3697 418 3784 portui
435 3695 647 3783 Ephesiorum
665 3697 833 3784 aperiendo
851 3719 959 3764 curam
976 3699 1199 3785 insumpserat,
1218 3697 1345 3781 vimque

315 3792 448 3858 civitatis
458 3792 683 3880 Pergamenae,
701 3792 894 3879 prohibentis
903 3792 1069 3871 Acratum,
1089 3791 1237 3858 Caesaris
1251 3789 1346 3856 liber-

316 3897 397 3964 tum,
425 3896 544 3952 statuas
563 3897 594 3952 et
614 3887 753 3973 picturas
772 3888 919 3965 evehere,
946 3888 1079 3952 inultam
1097 3887 1260 3953 omiserat:
1289 3886 1346 3950 scd

316 3982 437 4046 crimini
464 3981 597 4046 dahattu
623 3983 759 4048 amicitia
786 3982 892 4047 Plauti
919 3992 950 4047 et
975 3982 1104 4048 ambitio
1132 3978 1345 4046 conciliandae

316 4075 494 4156 provinciae
517 4077 557 4140 ad
580 4099 653 4161 spes
679 4099 789 4142 novas.
822 4087 946 4164 tempus
974 4075 1166 4143 damnationi
1189 4074 1345 4140 delectum

316 4187 378 4248 quo
388 4167 544 4233 Tiridates
555 4172 736 4256 accipiendo
745 4169 916 4238 Armeniae
930 4194 1028 4259 regno
1037 4170 1235 4247 adventabat,
1254 4177 1289 4232 ut
1304 4169 1344 4233 ad

317 4269 445 4323 externa
466 4264 643 4328 rumoribus
666 4265 848 4329 intestinum
872 4266 974 4330 scelus
993 4266 1227 4340 obscuraretur,
1251 4287 1291 4328 an
1310 4273 1344 4326 ut
