2960 4962
380 419 590 480 ANNALIUM
607 421 681 476 LIB.
691 421 743 476 111.
756 423 874 479 tn-te.
1079 414 1140 480 113

114 515 179 566 sca.
189 517 224 556 aa.

112 585 209 668 inpar,
238 581 369 646 furandi
394 579 518 656 melior,
544 579 643 665 pluris
665 601 722 665 per
743 565 1053 666 globossincmsaret
1075 585 1141 650 elu-

112 678 258 760 deretque
281 675 413 740 insidias
436 686 465 739 ct
482 673 575 740 simul
595 683 774 760 temptaret,
802 685 865 741 tres
888 677 1043 756 incessus,
1070 683 1141 745 toti-

111 771 178 834 dem
200 770 335 856 agmina
357 777 520 854 parantur:
544 789 583 831 ex
605 768 676 851 quis
700 767 866 834 Cornelius
890 769 996 856 Scipio
1019 773 1140 858 legatus

111 863 243 948 praefuit
263 885 328 946 qua
340 860 504 948 praedatio
519 861 553 925 in
565 861 754 946 Leptitanos
772 871 803 926 et
817 863 955 950 suffugia
969 863 1143 932 Garaman-

112 971 187 1036 tnm3
210 958 276 1022 alio
293 956 407 1034 latere,
425 979 467 1021 ne
485 955 677 1022 Cirtensium
699 957 775 1042 pagi
791 957 920 1042 impune
938 959 1141 1039 traherentur,

111 1053 269 1137 propriam
282 1073 414 1116 manum
427 1050 563 1115 Blaesus
576 1049 659 1114 filius
677 1050 782 1128 duxit3
800 1050 904 1117 medio
918 1075 990 1118 cum
1003 1055 1141 1132 delectis,
1259 1113 1262 1119 .

112 1145 237 1210 castella
265 1153 297 1209 et
323 1143 512 1208 munitiones
538 1143 659 1208 idoneis
685 1142 763 1208 locis
789 1145 956 1230 inponens,
983 1147 1050 1212 dux
1074 1148 1142 1233 ipse

112 1249 174 1303 arta
190 1249 224 1303 et
241 1238 372 1304 infensa
388 1237 531 1308 hostibus
555 1247 667 1301 cunct-a
688 1236 819 1316 fecerat,
842 1239 929 1323 quia,
953 1262 1079 1325 quoquo
1096 1242 1143 1305 in-

113 1332 275 1410 clinarent,
300 1354 375 1417 pars
398 1331 504 1414 aliqua
525 1329 632 1395 militis
651 1329 787 1396 Romani
809 1332 841 1395 in
859 1355 926 1410 ore,
949 1335 982 1398 in
994 1334 1094 1403 latere
1112 1343 1143 1400 et

113 1447 203 1511 saepe
221 1451 242 1490 a
256 1435 356 1512 tergo
379 1435 460 1503 erat3
482 1424 634 1506 multique
657 1445 694 1488 co
712 1425 806 1490 modo
829 1425 912 1492 caesi
935 1435 989 1492 aut
1011 1428 1143 1494 circum-

112 1519 203 1583 venti.
227 1530 307 1584 tunc
324 1518 513 1604 tripertitum
531 1517 703 1582 exercitum
719 1518 825 1602 plures
843 1519 876 1584 in
893 1543 1004 1586 manus
1023 1523 1143 1608 disper-

114 1612 155 1697 git
166 1613 400 1698 praeponitque
413 1611 608 1676 centuriones
623 1611 745 1676 virtutis
760 1623 920 1698 expertae3
938 1637 1005 1694 nec,
1024 1625 1059 1681 ut
1072 1639 1141 1682 mos

114 1705 225 1785 fuerat,
245 1715 319 1770 acta
337 1714 455 1770 aestate
472 1704 600 1769 retrahit
618 1703 724 1790 copias
742 1707 844 1770 autin
862 1707 1070 1774 hibernaculis
1088 1733 1143 1775 ve·

114 1799 182 1863 teris
200 1798 386 1885 provinciae
404 1798 571 1882 componit,
591 1798 648 1862 sed
664 1807 699 1865 ut
717 1799 753 1864 in
767 1799 873 1865 limine
891 1800 965 1866 belli
982 1803 1141 1889 dispositis

117 1893 262 1971 castellis,
291 1915 349 1977 per
371 1892 533 1977 expeditos
552 1900 583 1956 et
605 1891 808 1956 solitudinum
829 1916 944 1979 gnaros
971 1905 1142 1962 mutantem

116 1987 247 2070 mapalia
261 1985 497 2050 Tacfarinatem
509 1984 724 2070 proturbabat,
743 1986 844 2052 donec
857 1986 952 2051 fratre
965 1987 1032 2052 eius
1051 1998 1143 2073 capto

117 2101 276 2165 regressus
296 2087 354 2156 est,
372 2079 589 2164 properantius
604 2087 710 2144 tamen
722 2100 818 2161 quam
836 2101 877 2143 ex
893 2079 1025 2144 utilitate
1043 2081 1144 2146 socio-
1215 2155 1223 2166 „

117 2194 194 2251 rum,
221 2173 343 2238 relictis
369 2193 426 2256 per
451 2181 529 2255 quos
555 2181 733 2258 resurgeret
758 2171 886 2236 bellum.
918 2174 975 2238 sed
997 2173 1143 2239 Tiberius

119 2287 169 2349 pro
185 2267 333 2332 confecto
350 2265 568 2351 interpretatus
586 2266 619 2330 id
637 2287 762 2350 quoque
775 2265 891 2332 Blaeso
909 2266 1017 2332 tribuit
1034 2277 1069 2332 ut
1085 2269 1144 2332 im-

119 2370 237 2442 perator
250 2384 272 2424 a
283 2358 461 2444 legionibus
480 2359 674 2437 salutaretur,
693 2360 797 2445 prisco
812 2383 888 2447 erga
904 2361 1000 2427 duces
1014 2363 1142 2440 honore,

120 2453 168 2534 qui
184 2453 266 2518 bene
284 2462 427 2539 gestare
444 2452 571 2536 publica
587 2453 703 2538 gaudio
725 2462 758 2518 et
773 2453 893 2540 impetu
911 2455 1036 2521 victoris
1055 2479 1143 2521 exer-

120 2546 192 2613 citus
214 2546 508 2624 conclamabantur3
531 2556 681 2630 erantque
697 2547 803 2633 plures
826 2549 920 2614 simul
940 2549 1142 2636 imperatores

120 2663 173 2706 nec
197 2665 295 2728 super
317 2651 490 2707 ceteromm
512 2641 740 2724 aequalitatem.
773 2645 928 2710 concessit
954 2645 1143 2728 quibusdam

121 2743 149 2796 et
167 2734 337 2824 Augustus
359 2733 392 2800 id
413 2734 603 2800 vocabulum
626 2757 663 2800 ac
685 2744 760 2802 tunc
781 2737 926 2804 Tiberius
949 2739 1066 2806 Blaeso
1087 2762 1144 2824 po-

123 2837 278 2894 stremum.

180 2922 301 2989 Obiere
315 2945 353 2988 eo
366 2946 448 2988 anno
462 2924 520 2987 viri
533 2923 680 2990 inlustres
693 2923 826 2990 Asinius
841 2924 1019 3002 Saloninus,
1033 2925 1145 2991 Marco
1164 2947 1196 2992 75

123 3013 261 3102 Agrippa
288 3026 321 3080 et
339 3014 483 3081 Pollione
503 3015 618 3081 Asinio
641 3019 723 3095 avis,
750 3017 846 3081 fratre
868 3018 976 3082 Druso
1002 3019 1144 3106 insignis,

125 3101 312 3192 Caesarique
329 3131 484 3195 progener
501 3109 685 3187 destinatus,
705 3119 736 3174 et
755 3107 868 3194 Capito
882 3108 1007 3186 Ateius,
1025 3110 1065 3173 de
1083 3132 1146 3192 quo

123 3205 302 3280 memoravi,
328 3204 501 3289 principem
526 3205 559 3268 in
581 3205 706 3269 civitate
732 3204 837 3268 locum
864 3201 975 3269 studiis
1002 3203 1145 3270 civilibus

125 3298 301 3375 adsecutus,
329 3299 385 3362 sed
407 3320 466 3364 avo
489 3299 668 3364 centurione
692 3296 836 3375 Sullan0,
863 3307 951 3384 patre
976 3299 1145 3383 praetori03

124 3394 316 3459 consulatum
333 3392 362 3456 ei
380 3392 610 3457 adceleraverat
626 3391 805 3479 Augustus,
824 3401 858 3457 ut
875 3392 1060 3458 Labeonem
1077 3391 1146 3459 An-

125 3485 237 3553 tistium
258 3487 361 3551 isdem
387 3486 504 3552 artibus
527 3487 766 3572 praecellentem
789 3488 968 3575 dignatione
991 3490 1057 3555 eius
1080 3514 1146 3554 ma-

124 3579 267 3663 gistratus
287 3581 432 3646 anteiret:
452 3601 595 3664 namque
613 3580 666 3645 illa
683 3591 769 3648 aetas
788 3582 850 3648 duo
868 3583 955 3669 pacis
974 3584 1088 3648 decora
1105 3584 1147 3647 si-

124 3676 181 3740 mul
202 3675 290 3752 tulit3
313 3675 370 3739 sed
391 3673 502 3739 Labeo
524 3675 703 3760 incorrupta
725 3675 867 3741 libertate
890 3686 921 3740 et
943 3675 984 3740 cb
1005 3676 1039 3739 id
1060 3675 1147 3738 fama

124 3769 315 3834 celebratior:
335 3766 498 3853 Capitonis
512 3767 698 3852 obsequium
711 3769 943 3834 dominantibus
956 3767 1058 3851 magis
1075 3788 1147 3851 pro-
1222 3833 1226 3842 ,

124 3857 265 3939 bebatur3
284 3861 338 3939 illi,
358 3861 443 3944 quod
459 3870 636 3947 praeturam
649 3857 730 3926 intra
748 3863 842 3938 stetit,
862 3858 1089 3924 commendatio
1108 3881 1148 3923 ex

124 3952 247 4020 iniuria:
267 3954 351 4032 huic,
370 3955 457 4038 quod
473 3955 670 4020 consulatum
688 3955 820 4038 adeptus
839 3962 901 4029 est,
919 3951 1025 4016 odium
1044 3973 1083 4016 ex
1100 3953 1147 4016 in-

125 4049 201 4116 vidia
218 4043 387 4118 oriebatur.

179 4145 226 4210 Et
242 4143 339 4209 Iunia
356 4144 554 4232 sexagesimo
576 4150 688 4228 quarto
705 4151 777 4226 post
793 4141 1030 4229 Philippensem
1047 4145 1146 4212 aciem
1165 4165 1196 4212 76

172 4263 246 4307 Taciti
256 4262 298 4306 rot.
309 4259 327 4304 l.
957 4255 975 4310 8
