3042 4956
418 399 626 458 ANNALIUM
643 400 717 456 LIB.
732 401 814 457 XIII.
832 402 952 459 55-58.
1131 394 1195 460 253

165 493 283 544 sonsa

165 562 265 626 tiones
285 559 388 625 socias
406 558 489 623 bello
507 557 676 636 vocabant3
699 557 816 623 Avitus
835 561 951 646 scripto
969 562 1010 626 ad
1028 561 1195 630 Curtilium

164 655 337 731 Manciam,
357 652 524 737 superioris
543 653 697 717 exercitus
715 653 864 740 legatum,
883 665 919 718 ut
931 654 1078 721 Rhenum
1095 668 1196 724 trans-

164 771 294 834 gressus
318 771 406 811 arma
424 770 443 810 a
460 755 548 832 tergo
570 747 762 825 ostenderet,
785 747 854 832 ipse
871 748 1011 835 legiones
1033 751 1067 815 in
1084 775 1195 837 agrum

165 843 357 907 Tencterum
378 841 514 918 induxit,
538 841 694 906 excidium
715 842 878 919 minitans,
900 844 933 907 ni
955 866 1083 909 causam
1106 869 1196 911 suam

164 936 380 1002 dissociarent.
411 934 507 1021 igitur
531 933 755 1000 absistentibus
782 936 831 1000 his
857 938 925 1022 pari
947 948 1033 1003 metu
1058 940 1197 1004 exterriti

163 1030 324 1106 Bructeri3
347 1039 378 1092 et
396 1029 507 1093 ceteris
525 1051 650 1112 quoque
674 1029 777 1093 aliena
798 1030 937 1114 pericula
954 1032 1195 1098 defendentibus

164 1125 233 1189 sola
254 1122 529 1209 Ampsivariorum
554 1145 634 1208 gens
660 1133 743 1188 retro
769 1125 811 1188 ad
833 1124 953 1210 Usipos
980 1137 1011 1190 et
1032 1126 1195 1192 Tubantes

164 1217 335 1294 concessit,
359 1239 493 1300 quorum
515 1217 605 1280 terris
628 1217 731 1281 exacti
753 1239 825 1281 cum
849 1217 997 1297 Chattos,
1020 1220 1093 1284 dein
1112 1219 1196 1286 Che-

162 1333 274 1376 ruscos
292 1311 458 1396 petissent,
483 1332 585 1375 errore
602 1309 697 1397 longo
713 1310 869 1397 hospites,
893 1314 998 1398 egeni,
1021 1314 1143 1392 hostes,
1162 1315 1195 1378 in

164 1407 279 1482 alieno,
303 1405 389 1488 quod
405 1405 576 1470 inventutis
599 1415 679 1484 erat,
703 1407 889 1484 caeduntur3
912 1406 1035 1474 inbellis
1057 1417 1144 1474 aetas
1162 1409 1196 1473 in

163 1501 315 1586 praedam
333 1499 435 1564 divisa
453 1510 509 1564 cst.

226 1595 352 1658 Eadem
375 1603 493 1658 aestate
515 1594 596 1658 inter
617 1595 858 1660 Hermunduros
877 1595 1073 1682 Chattosque
1095 1606 1195 1662 certa·
1212 1619 1244 1666 or
1314 1641 1318 1652 ·

163 1699 231 1753 tum
248 1709 366 1773 magno
383 1688 516 1773 proelio,
535 1689 611 1752 dum
629 1689 745 1753 flumen
762 1691 922 1775 gignendo
940 1691 1005 1756 sale
1022 1692 1194 1756 fecundum

163 1793 196 1846 et
212 1783 440 1847 conterminum
458 1783 490 1845 vi
508 1783 647 1861 trahunt,
671 1806 766 1868 super
785 1784 947 1849 libidinem
969 1795 1082 1850 cuncta
1099 1786 1194 1850 armis

163 1876 278 1962 agendi
291 1875 441 1962 religione
454 1876 558 1954 insita,
573 1899 627 1941 eos
640 1877 777 1941 maxime
790 1877 877 1942 locos
886 1879 1094 1962 propinquare
1108 1879 1195 1942 caelo

161 1991 336 2056 precesque
356 1969 532 2034 mortalium
551 1993 571 2034 a
587 1971 656 2036 deis
669 1992 827 2054 nusquam
840 1971 970 2055 propius
988 1971 1105 2048 audiri3
1123 1971 1196 2034 inde

161 2064 359 2149 indulgentia
372 2064 535 2128 numinum
553 2064 607 2129 illo
620 2065 654 2128 in
666 2085 758 2128 amne
771 2063 896 2146 illisque
911 2063 998 2128 silvis
1013 2064 1111 2128 salem
1124 2085 1196 2148 pro-

162 2159 284 2236 venire,
307 2179 370 2222 non
393 2166 428 2221 ut
449 2157 527 2222 alias
549 2158 635 2244 apud
656 2167 767 2244 gentes
791 2157 893 2222 eluvie
916 2157 1012 2222 maris
1035 2165 1196 2222 arescente

161 2253 258 2328 unda,
278 2253 335 2317 sed
352 2275 447 2338 super
460 2254 621 2317 ardentem
634 2252 781 2318 arborum
795 2262 913 2317 struem
926 2251 999 2318 fusa
1016 2273 1058 2318 ex
1074 2259 1196 2316 cenna

161 2347 216 2410 riis
236 2346 317 2410 inter
335 2368 369 2410 se
387 2346 563 2425 elementis,
586 2347 660 2434 igne
677 2356 772 2430 atque
794 2347 899 2429 aquis,
922 2355 1111 2412 concretum.
1140 2345 1196 2410 sed

161 2440 282 2506 bellum
303 2440 537 2506 Hermunduris
563 2464 762 2526 prosperum,
791 2440 915 2507 Chattis
941 2439 1103 2506 exitiosius
1124 2439 1194 2516 suit,

162 2534 238 2616 quia
254 2533 390 2598 victores
404 2534 562 2598 diversam
575 2537 674 2599 aeiem
687 2534 835 2600 Martiae
848 2534 1007 2600 Mercurio
1022 2555 1194 2611 sacravere,

162 2649 227 2710 quo
243 2636 318 2691 voto
337 2628 423 2710 equi,
443 2627 515 2705 viri,
535 2638 648 2693 cuncta
665 2629 749 2693 victa
766 2629 920 2694 occidioni
937 2629 1061 2694 dantur.
1088 2636 1120 2692 et
1136 2627 1196 2692 mi·

162 2743 223 2786 nae
241 2721 370 2803 quidem
387 2721 517 2785 hostiles
535 2722 569 2786 in
584 2723 672 2808 ipsos
691 2723 868 2787 vertebant:
891 2723 948 2788 sed
966 2722 1076 2788 civitas
1093 2719 1196 2786 Ubio-

162 2838 233 2878 rum
257 2815 343 2879 socia
368 2814 460 2880 nobis
486 2816 570 2881 malo
595 2817 755 2901 inproviso
777 2817 897 2880 afflicta
918 2825 982 2894 cst3
1008 2837 1082 2878 nam
1104 2814 1195 2899 ignes

162 2921 246 2974 terra
263 2909 339 2974 editi
356 2908 462 2986 villas,
480 2933 566 2987 arva,
584 2910 672 2974 vioos
689 2909 810 2995 passim
827 2908 1036 2992 corripiebant
1051 2905 1197 2970 fereban-

162 3013 276 3086 turque
293 3003 326 3066 in
344 3003 416 3088 ipsa
433 3004 578 3068 conditae
594 3027 696 3089 nuper
718 3001 858 3067 coloniae
876 2999 1001 3064 moenia
1022 3019 1123 3080 ncquc
1140 3018 1196 3060 ex·

162 3097 265 3184 tingui
286 3106 445 3182 poterant,
472 3120 537 3161 non
560 3098 587 3162 si
608 3097 726 3163 imbres
748 3096 909 3168 caderent,
932 3115 995 3157 non
1017 3088 1196 3154 fluvialibus

163 3191 254 3274 aquis
277 3199 333 3254 aut
355 3213 418 3274 quo
441 3191 503 3255 alio
523 3192 670 3268 humore,
697 3191 798 3254 donee
819 3186 926 3272 inopia
946 3183 1077 3250 remedii
1098 3191 1131 3248 ct
1151 3181 1198 3246 ira

164 3285 261 3349 cladis
280 3297 420 3370 agrestes
439 3286 568 3368 quidam
585 3285 708 3350 eminus
727 3305 805 3348 saxa
820 3282 936 3358 iacere,
959 3278 1033 3344 dein
1049 3276 1198 3342 resisten-

164 3378 248 3444 tibus
265 3379 403 3443 flammis
416 3380 547 3465 propius
566 3379 729 3466 suggressi
746 3379 811 3442 ictu
827 3376 960 3441 fustium
978 3373 1110 3457 aliisque
1128 3391 1198 3434 vcr-

163 3472 293 3537 beribus
316 3481 353 3536 nt
374 3472 459 3538 feras
483 3473 713 3550 absterrebant;
735 3481 895 3557 postremo
915 3469 1054 3556 tcgmina
1075 3463 1198 3550 corpori

163 3568 294 3653 derepta
306 3567 447 3644 iniciunt,
461 3577 579 3651 quanto
592 3567 694 3654 magis
703 3567 836 3653 prolana
849 3573 881 3632 et
893 3587 955 3630 usu
968 3561 1096 3648 polluta,
1111 3565 1198 3620 tento

162 3661 267 3746 magis
286 3682 478 3745 oppressura
495 3661 596 3747 ignes.
1153 3738 1161 3754 ‚

227 3755 354 3819 Eodem
363 3777 446 3819 anno
454 3755 655 3819 Ruminalem
667 3754 811 3820 arborem
823 3753 856 3815 in
865 3748 1000 3822 comitio,
1014 3763 1096 3828 quae
1105 3747 1200 3805 celm-
1218 3752 1250 3804 0⁸

163 3857 278 3934 gentos
288 3858 319 3912 et
328 3849 538 3934 qnadraginta
545 3858 617 3912 ante
625 3869 725 3912 annos
734 3844 827 3910 Remi
837 3838 1026 3920 Romulique
1035 3830 1200 3941 {alsatiam

163 3952 295 4017 texerat,
314 3942 447 4006 mortuis
465 3940 636 4006 ramalibus
654 3949 686 4004 et
703 3942 865 4002 arescente
883 3940 993 3994 trunco
1007 3927 1199 3990 dcrrrrnutam

163 4036 301 4125 prodigii
314 4036 386 4101 loco
394 4035 538 4101 habitum
552 4043 610 4110 est,
624 4033 725 4096 donee
737 4030 770 4094 in
783 4046 883 4092 novos
897 4022 980 4088 lctus
990 4017 1199 4086 revivisceret.

582 4168 790 4183 ..u--m-n-a
