2958 4960
158 546 200 588 eh
406 455 615 514 ANNALIUM
631 457 706 514 1113.
720 459 743 514 Ι.
760 461 880 515 29-32.
1113 452 1154 516 19

128 560 148 598 ρ.
210 549 245 588 rs.

127 615 186 682 bus
205 615 360 681 coutinuis
379 615 522 698 adeoque
540 616 644 682 saevis
660 626 696 679 ut
713 639 777 681 non
793 617 902 704 egredi
918 622 1063 699 tentoria,
1082 644 1157 688 con-

125 710 254 796 gregari
269 711 350 774 inter
367 731 413 786 se,
431 709 487 773 vix
500 710 594 774 tutari
611 711 703 796 signa
712 723 852 797 possent,
871 734 952 796 quae
969 715 1093 782 turbine
1110 727 1157 782 at·

125 827 187 887 que
210 805 297 868 unda
316 803 532 889 raptabantur.
559 803 693 870 durabat
715 815 746 870 et
763 805 899 870 formido
921 808 1064 876 caelestis
1081 811 1155 888 uae,

124 921 191 962 nec·
201 899 320 962 frustra
342 897 496 962 adversus
514 897 628 983 impios
645 897 814 963 hebescere
832 901 950 979 sidera,
972 909 1062 968 mere
1079 913 1157 970 tem-

124 1001 278 1076 pestates:
296 1013 361 1055 non
379 991 466 1055 aliud
482 991 635 1057 malorum
653 990 864 1057 levamentum
877 1016 972 1077 quam
992 995 1019 1062 si
1037 996 1158 1080 linque·

124 1095 194 1153 rent
207 1096 310 1150 castra
322 1085 463 1149 infausta
475 1095 687 1168 temerataque
701 1095 732 1150 et
745 1086 840 1168 saluti
851 1088 976 1172 piaerdo
991 1090 1057 1155 suis
1072 1091 1158 1174 quis-

125 1202 187 1263 que
204 1180 345 1246 hibernis
362 1179 575 1244 redderentur.
597 1179 733 1265 primum
747 1190 867 1259 octava,
886 1182 960 1247 dein
977 1184 1086 1268 quinta
1103 1184 1158 1250 de·

125 1295 218 1338 cuma
234 1273 319 1360 legio
337 1272 471 1350 rediere;
488 1295 631 1350 nonanus
649 1275 856 1359 opperiendas
871 1275 989 1342 Tiberii
1007 1279 1156 1363 epistulas

126 1365 350 1444 clamitaverat,
370 1389 445 1432 mcx
462 1367 621 1432 desolatus
634 1368 767 1433 aliorum
784 1369 976 1436 discessione
993 1372 1157 1438 imminen-

127 1471 189 1525 tem
214 1463 437 1526 necessitatem
463 1471 574 1547 sponte
600 1463 771 1548 praevenit.
803 1473 834 1528 et
859 1464 987 1532 Drusus
1012 1489 1076 1532 non
1102 1489 1156 1532 ex·

126 1567 249 1640 pectato
272 1555 449 1642 legatorum
470 1578 631 1642 regressu,
658 1557 733 1640 quia
756 1560 934 1642 praesentia
956 1561 1031 1626 satis
1054 1561 1156 1626 consi-

126 1649 247 1727 derant,
267 1651 302 1715 in
320 1649 429 1715 urbem
447 1650 548 1715 rediit.
821 1643 824 1654 ’

186 1745 298 1809 Isdem
316 1743 415 1808 ferme
427 1743 539 1808 diebus
555 1744 658 1808 isdem
676 1745 780 1810 causis
795 1742 1002 1814 Germanicae
1013 1747 1154 1834 legiones
1173 1767 1202 1817 31

126 1839 282 1914 turbatae,
309 1847 427 1921 quanto
449 1837 569 1923 plures,
596 1847 682 1903 tanto
701 1839 881 1917 violentius,
909 1850 940 1904 et
961 1863 1078 1928 magna
1099 1865 1155 1928 spe

127 1932 190 1997 fore
206 1941 244 1996 ut
258 1929 469 1996 Germanicus
485 1929 604 1996 Caesar
615 1931 781 2016 imperium
795 1933 922 1998 alterius
935 1934 1001 2019 pati
1014 1935 1156 2018 nequiret

126 2027 275 2109 daretque
294 2047 329 2089 se
346 2023 523 2110 legionibus
536 2025 573 2090 vi
596 2048 654 2090 sua
672 2035 786 2090 cuncta
803 2027 958 2092 tractaris.
986 2027 1049 2092 duo
1071 2028 1156 2113 apud

5 2131 6 2144 ¹
126 2121 220 2207 ripam
235 2120 343 2186 Rheni
361 2119 516 2184 exercitus
534 2130 635 2184 erant:
654 2120 705 2184 cui
723 2142 839 2184 nomen
856 2121 1018 2206 superiori,
1038 2120 1097 2186 sub
1116 2118 1152 2186 O.

129 2213 202 2280 Silio
214 2216 337 2300 legat03
355 2213 534 2278 inferiorem
546 2213 589 2278 A.
605 2213 744 2279 Caecina
756 2213 885 2278 curabat
890 2239 899 2292 3
917 2215 1057 2302 regimen
1071 2237 1156 2280 sum·

126 2333 191 2374 mae
207 2311 256 2375 rei
268 2331 367 2396 penes
383 2306 615 2387 Germanicum,
635 2309 758 2395 agendo
774 2307 947 2374 Galliarum
962 2311 1069 2374 censui
1087 2320 1154 2374 tum

125 2403 286 2468 intentum.
299 2403 368 2467 'sed
385 2402 499 2486 quibus
519 2401 617 2468 Silius
630 2402 864 2480 moderabatur,
883 2413 987 2470 mente
1006 2403 1155 2490 ambigua

125 2498 281 2562 fortunam
300 2497 462 2562 seditionis
480 2497 600 2562 alienae
619 2497 875 2581 speculabantur:
893 2497 1048 2563 inferioris
1067 2520 1154 2562 exer-

124 2595 201 2658 eitus
224 2593 317 2658 miles
339 2593 373 2657 in
393 2592 512 2656 rabiem
533 2592 700 2678 prolapsus
723 2602 784 2668 est,
812 2603 879 2658 orto
902 2593 941 2660 ab
968 2593 1154 2659 unetvicesi-

123 2688 222 2752 manis
246 2687 468 2770 quintanisque
490 2686 578 2750 initio
601 2695 633 2750 et
650 2687 756 2751 tractis
778 2687 880 2772 prima
901 2708 1026 2772 quoque
1049 2709 1086 2752 ac
1107 2687 1154 2750 vi·

124 2783 240 2846 cesima
253 2781 445 2867 legionibus:
463 2803 538 2845 nam
555 2780 656 2845 isdem
671 2782 798 2846 aestivis
816 2782 849 2846 in
866 2781 981 2847 linibus
995 2781 1152 2846 Ubiorum

123 2876 319 2942 habebantur
336 2897 393 2961 per
410 2875 508 2940 otium
531 2884 585 2940 aut
602 2874 684 2940 levia
701 2876 817 2940 munia.
844 2876 940 2961 igitur
961 2875 1068 2940 audito
1090 2876 1151 2940 fine

123 2971 263 3058 Augusti
286 2969 454 3036 vernacula
476 2970 643 3035 multitudo
667 2991 768 3055 nuper
785 2979 855 3034 acto
873 2971 906 3034 in
928 2969 1005 3034 urbe
1027 2970 1151 3046 dilectu,

122 3065 270 3131 lasciviae
294 3075 398 3142 sueta,
424 3064 567 3130 laborum
589 3065 773 3141 intolerans,
801 3063 958 3148 impellere
981 3073 1153 3128 ceterorum

123 3161 214 3224 rudes
233 3160 369 3225 animos:
389 3160 512 3224 venisse
531 3168 731 3244 tempusque
749 3157 889 3222 veterani
905 3165 1059 3220 maturam
1077 3155 1153 3220 mis·

124 3254 257 3331 sionem,
280 3253 410 3318 iuvenes
432 3254 569 3338 largiora
591 3252 761 3338 stipendia,
785 3251 890 3315 cuncti
911 3249 1040 3314 modum
1058 3250 1151 3314 mise-

122 3348 237 3412 riarum
247 3357 452 3432 exposcerent
461 3348 685 3430 saevitiamque
695 3347 909 3411 centurionum
919 3345 1150 3410 ulciscerentur.

122 3462 184 3506 non
200 3464 287 3506 unus
304 3441 396 3518 haec,
420 3450 455 3505 ut
472 3441 671 3506 Pannonicas
690 3440 772 3505 inter
787 3439 928 3526 legiones
947 3439 1149 3517 Percennius,

122 3557 178 3600 nec
199 3535 287 3621 apud
304 3535 440 3620 trepidas
459 3536 593 3600 militum
611 3557 702 3599 aures
721 3535 799 3600 alios
812 3534 978 3600 validiores
996 3533 1150 3600 exereitus

122 3629 369 3715 respicientium,
393 3631 449 3694 sed
467 3629 566 3693 multa
589 3628 750 3694 seditionis
769 3651 824 3694 ora
845 3651 1015 3714 vocesque:
1039 3651 1097 3693 sua
1118 3627 1151 3690 in

121 3745 215 3786 manu
234 3724 328 3787 sitam
344 3745 411 3787 rem
428 3723 620 3801 Romanam3
639 3722 705 3788 suis
723 3722 864 3788 victoriis
882 3723 991 3808 augeri
1008 3744 1075 3786 rem
1092 3743 1151 3804 pu·

122 3815 248 3894 blicam3
267 3817 300 3880 in
318 3839 411 3881 suum
429 3826 672 3903 cognomentum
690 3817 826 3882 adscisci
842 3817 1055 3900 imperatores.
1083 3812 1150 3877 Nee
1169 3831 1200 3880 32

121 3909 242 3995 legatus
258 3910 385 3976 obviam
397 3912 476 3977 ibat:
491 3911 606 3997 quippe
619 3911 756 3996 plurium
769 3909 935 3974 vaecordia
944 3907 1150 3973 constantiam

121 4012 288 4068 exemerat.
314 4014 443 4090 repente
460 4005 613 4092 lymphati
631 4004 786 4069 destrictis
809 4003 922 4088 gladiis
940 4003 974 4066 in
996 4002 1149 4068 centurio·

121 4119 174 4162 nes
195 4098 366 4162 invadunt:
393 4122 431 4163 ea
452 4099 666 4164 vetustissima
688 4095 874 4162 militaribus
902 4096 981 4161 odiis
1005 4097 1148 4162 materies

122 4201 150 4254 et
175 4192 338 4257 saeviendi
365 4193 565 4278 principium:
591 4200 764 4278 prostratos
790 4189 973 4256 verberibus
1000 4191 1146 4268 audeant,

934 4293 975 4356 2*
