3042 4956
445 438 652 498 ANNALIUM
668 437 744 494 LIB.
758 437 825 493 XII.
841 437 961 494 54-58.
1149 426 1212 492 2⁸21

187 532 349 585 nmmm

185 603 336 668 barorum
354 598 461 685 copias
479 597 694 675 dissociasset,
712 594 897 662 Troxobore
912 595 1084 682 paucisque
1100 597 1216 683 primo-

185 695 274 762 ribus
292 693 465 758 iuterfectis
483 701 603 758 ceteros
620 693 784 757 clementia
801 691 985 776 composuit.

254 787 326 856 Sub
343 788 428 852 idem
442 797 565 872 tempus
582 787 663 852 iuter
674 786 778 851 laotrm
790 785 946 850 Fucinum
963 786 1217 870 amnemqueLi·
1234 807 1267 855 to

187 885 247 948 rim
269 891 420 968 perrupto
440 891 560 959 monte,
582 903 645 966 quo
668 879 900 966 magnificentia
916 880 1020 965 operis
1038 905 1058 946 a
1073 880 1216 966 pluribus

189 979 352 1054 viseretur,
370 976 441 1041 lacu
453 975 487 1040 in
503 975 573 1062 ipso
584 975 696 1040 navale
709 974 861 1059 proelium
874 973 1052 1052 adornatur,
1070 983 1105 1038 ut
1117 996 1218 1058 quou-

188 1073 263 1138 dam
286 1063 676 1157 Augustnsstruct'otrane
692 1068 832 1134 Tiberim
859 1077 985 1155 stagno,
1012 1068 1069 1133 sed
1094 1068 1217 1135 levibus

187 1165 326 1252 nauigiis
344 1173 375 1228 et
391 1165 511 1228 minore
518 1163 619 1249 eopia
635 1163 789 1228 ediderat:
812 1162 965 1228 Claudius
983 1163 1123 1228 triremes
1141 1183 1218 1247 qua-

188 1260 402 1342 driremesque
420 1265 452 1322 et
467 1256 663 1344 undeviginti
679 1256 841 1322 homiuum
853 1257 940 1322 milia
956 1257 1097 1335 armavit,
1116 1257 1218 1321 cincto

187 1352 310 1419 ratibus
328 1351 461 1428 ambitu,
479 1373 620 1437 nevaga
637 1350 756 1437 effugia
772 1350 884 1428 forent,
903 1372 940 1415 ac
958 1360 1064 1415 tamen
1081 1349 1218 1436 spatium

189 1446 356 1532 amplexus
377 1444 419 1510 ad
439 1445 504 1509 vim
529 1443 667 1530 remigii,
694 1442 935 1530 gubernantium
957 1453 1054 1522 artes,
1080 1444 1217 1530 impetus

189 1540 320 1606 navium
341 1548 373 1604 et
392 1538 511 1624 proelio
533 1539 633 1603 solita
664 1537 698 1603 in
717 1538 837 1603 ratibus
862 1538 1086 1624 praetoriarum
1108 1537 1218 1602 cohor·

189 1637 269 1700 tium
286 1633 437 1718 manipuli
450 1641 631 1716 turmaeque
644 1632 825 1697 adstiterunt
843 1632 1024 1719 antepositis
1037 1655 1218 1719 propugna-

190 1730 284 1805 culis,
304 1750 343 1793 ex
360 1727 431 1812 quis
449 1727 624 1812 catapultae
641 1726 845 1812 ballistaeque
862 1729 1075 1807 tenderentrrr3
1097 1727 1218 1811 reliqua

189 1824 278 1890 lacus
301 1822 451 1888 classiarii
472 1822 561 1887 tectis
583 1821 716 1888 navibus
739 1822 935 1901 obtinebant3
961 1824 1047 1909 ripas
1068 1833 1100 1888 et
1121 1822 1217 1888 colles

190 1940 229 1984 ac
251 1917 404 1983 montium
425 1917 509 1981 edita
528 1917 563 1981 in
583 1917 711 1981 modum
733 1917 846 1982 theatri
866 1917 1034 1982 multitudo
1055 1917 1219 1980 innumera

191 2011 358 2098 complevit
374 2010 525 2096 proximis
542 2032 560 2076 e
577 2011 769 2096 municipiis,
792 2019 824 2075 et
841 2010 893 2076 alii
914 2009 992 2075 urbe
1010 2032 1050 2074 ex
1066 2009 1150 2095 ipsa,
1172 2008 1219 2074 vi-

191 2105 282 2172 sendi
299 2104 444 2192 cupidine
461 2114 516 2170 aut
532 2105 638 2170 officio
654 2104 688 2168 in
703 2104 877 2190 principem
882 2129 892 2182 3
909 2104 978 2190 ipse
995 2103 1113 2189 insigni
1130 2101 1219 2187 palu·

190 2201 352 2277 dumento,
370 2219 473 2282 neque
489 2199 598 2283 procul
614 2196 794 2284 Agrippina
811 2197 976 2283 chlamyde
993 2205 1111 2273 aurata,
1129 2215 1220 2282 prae-

191 2294 311 2360 sedere.
328 2301 512 2378 pugnatum,
525 2313 715 2377 quamquam
724 2293 929 2368 intersoutes,
944 2291 1073 2356 fortium
1081 2290 1246 2384 viroruml„

191 2387 311 2465 auimo;
332 2408 370 2450 ao
386 2394 459 2472 post
475 2385 609 2450 multum
625 2386 790 2451 vulnerum
808 2385 962 2452 occidioni
980 2384 1117 2471 exempti
1135 2389 1218 2448 sunt}

258 2479 325 2546 Sed
340 2479 479 2566 perfecto
502 2479 680 2566 spectaculo
702 2489 845 2566 apertum
867 2502 1018 2566 aquarum
1035 2479 1108 2544 itera
1131 2478 1220 2544 incu-
1237 2497 1268 2546 or

190 2576 239 2640 ria
255 2575 358 2661 operis
370 2575 538 2643 manifesta
550 2574 619 2652 fuit,
638 2575 723 2640 hand
741 2575 817 2642 satis
835 2576 975 2662 depressi
992 2575 1033 2641 ad
1051 2575 1138 2641 lacus
1156 2574 1220 2640 ima

191 2671 244 2735 vel
260 2670 378 2747 media,
395 2691 506 2754 eoque,
524 2682 663 2756 tempore
680 2671 850 2750 interiecto,
870 2673 962 2738 altius
980 2671 1088 2737 effossi
1106 2691 1219 2756 specus

192 2773 225 2830 et
241 2763 469 2829 contrahendae
490 2786 599 2830 rursus
620 2765 811 2830 multitudini
827 2766 1036 2852 gladiatorum
1059 2774 1221 2850 spectacu-

191 2859 259 2922 lum
277 2858 379 2922 editur
394 2857 500 2922 inditis
513 2857 660 2944 pontibus
673 2858 852 2944 pedestrem
869 2859 910 2924 ad
926 2881 1076 2944 pugnam.
1099 2857 1176 2940 quin
1189 2865 1221 2922 et

145 3031 149 3038 ι
192 2952 372 3018 convivium
390 2951 517 3018 effluvio
533 2952 621 3020 lacus
639 2953 817 3039 appositum
833 2974 950 3038 magna
962 2950 1128 3016 formidine
1145 2971 1222 3014 cuu-

192 3056 261 3111 ctos
279 3044 392 3123 affecit,
411 3046 486 3129 quia
501 3045 551 3110 vis
569 3068 721 3130 aquarum
733 3067 941 3130 prorumpens
958 3043 1103 3130 proxima
1120 3041 1223 3107 trahe·

191 3139 262 3217 bat,
281 3139 438 3206 convulsis
458 3139 655 3205 ulterioribus
673 3149 728 3205 aut
744 3139 870 3226 fragore
888 3149 920 3204 et
937 3137 1041 3204 sonitu
1058 3134 1222 3200 exterritis.

194 3234 288 3298 simul
299 3232 477 3320 Agrippina
489 3234 695 3320 trepidatione
712 3233 862 3320 principis
881 3257 939 3299 usa
955 3231 1132 3297 ministrum
1150 3250 1225 3315 ope-

192 3328 237 3394 ris
254 3327 437 3394 Narcissum
454 3328 577 3394 incusat
589 3329 744 3416 cupidinis
763 3349 800 3394 ac
812 3329 1013 3414 praedarum:
1031 3348 1090 3391 uec
1106 3324 1159 3390 ille
1176 3345 1225 3388 re·

193 3421 278 3499 ticet,
293 3419 500 3507 inpotentiam
512 3422 697 3489 muliebrem
709 3423 886 3507 nimiasque
904 3445 978 3509 spes
991 3421 1058 3487 cius
1076 3441 1223 3508 arguens.

257 3515 302 3580 D.
321 3515 417 3595 lusto,
437 3515 478 3598 Q.
497 3515 640 3582 Hirr-:ruo
658 3513 839 3582 consulibus
858 3517 996 3582 sedecim
1013 3537 1112 3581 annos
1129 3523 1222 3579 natus
1241 3524 1275 3574 58

193 3608 277 3674 Nero
295 3606 473 3687 Octaviam,
494 3607 639 3676 Caesaris
657 3611 768 3690 filiam,
785 3612 820 3676 in
837 3610 1070 3677 matrimonium
1088 3606 1223 3692 accepit3

189 3713 291 3796 *utque
301 3703 412 3770 studiis
422 3704 561 3796 honestis
570 3717 598 3769 et
607 3706 801 3790 eloquentiae
810 3706 911 3792 gloria
920 3705 1114 3778 enitesceret,
1129 3722 1226 3765 causa

194 3797 357 3862 Iliensium
371 3807 517 3883 suscepta
525 3797 704 3864 Romanum
713 3799 810 3864 Troia
817 3799 994 3864 demissum·
1003 3806 1034 3860 et
1042 3794 1142 3859 Iuliae
1155 3793 1227 3857 stir-

194 3891 244 3977 pis
262 3901 421 3956 auctorem
433 3892 579 3958 Aeneam
595 3893 718 3977 aliaque
731 3893 818 3958 haud
833 3890 944 3977 procul
956 3888 1072 3954 fabulis
1093 3883 1223 3972 [vetera]

195 3985 330 4050 facunde
352 3999 503 4053 executus
525 3996 683 4072 perpetrat
703 3995 740 4050 ut
755 3985 888 4050 Ilienses
911 3983 997 4048 omni
1013 3979 1140 4068 publico
1157 4003 1226 4044 mu·

193 4101 270 4144 nere
287 4077 491 4145 solverentur.
519 4081 630 4146 eodem
648 4088 770 4146 oratore
786 4076 980 4142 Bononiensi
1002 4074 1142 4141 coloniae
1159 4073 1226 4161 igni

194 4173 327 4240 haustae
336 4172 526 4242 subventum
535 4175 652 4242 centies
662 4173 797 4240 sestertii
805 4171 978 4260 largitione.
995 4169 1226 4238 redditurRho-
