3042 4956
311 441 375 508 234
662 451 845 508 conunnn
859 449 986 507 mom
1045 407 1054 422 ’

1229 555 1248 584 ι.
1260 556 1281 586 ιι.
1292 547 1342 586 808.

308 621 464 698 potusque
482 611 549 676 eius
572 608 711 674 delectus
734 631 774 674 ex
794 609 943 676 ministris
960 618 1057 696 gustu
1078 610 1275 696 explorabat,
1299 637 1343 679 ne

310 706 504 771 omitteretur
516 703 692 770 institutum
706 713 760 768 aut
777 704 939 787 utriusque
952 713 1051 769 morte
1069 705 1253 789 proderetur
1271 731 1343 773 sce-

308 801 373 877 lus,
397 799 468 865 talis
486 798 576 863 dolus
594 808 735 884 repertus
754 807 815 862 est:
837 797 965 862 innoxia
986 798 1089 863 adhuc
1107 822 1144 864 ac
1160 801 1343 886 praecalida

310 904 340 958 et
357 893 454 960 libata
470 902 567 980 gustu
587 892 673 978 potio
695 891 825 956 traditur
842 891 1037 970 Britanniam
1060 893 1146 971 dein,
1169 905 1342 980 postquam

309 991 432 1055 fervore
450 987 682 1074 aspernabatur,
701 987 816 1074 frigida
832 987 865 1051 in
883 1009 965 1070 aqua
982 988 1154 1053 affunditur
1171 1011 1340 1068 venenum,

310 1086 395 1170 quod
412 1085 457 1150 ita
473 1092 602 1149 cunctos
620 1083 688 1148 eius
706 1093 792 1148 artus
805 1082 945 1167 pervasit
960 1092 996 1146 ut
1012 1106 1076 1148 vox
1092 1083 1208 1168 pariter
1225 1094 1257 1149 et
1274 1085 1342 1170 spi-

310 1182 387 1246 ritus
402 1181 468 1245 eius
482 1187 671 1264 raperentur.
696 1178 867 1264 trepidatur
879 1201 898 1244 a
912 1178 1225 1257 circumsedentibus3
1244 1179 1342 1244 diffu-

309 1276 400 1363 giunt
421 1276 638 1360 inprudentes3
666 1273 833 1356 atquibus
860 1273 951 1338 altior
972 1272 1161 1350 intellectus,
1187 1274 1342 1339 resistunt

309 1369 404 1434 defixi
422 1379 453 1433 et
465 1367 621 1432 Neronem
639 1368 807 1431 intuentes:
826 1364 888 1443 ille,
907 1375 941 1430 ut
959 1375 1025 1431 erat
1042 1366 1165 1432 reclinis
1184 1377 1215 1432 et
1231 1369 1341 1433 nescio

310 1463 429 1540 similis,
449 1462 575 1527 solitum
592 1462 636 1525 ita
653 1462 697 1526 ait
713 1483 774 1548 per
783 1459 969 1525 comitialem
983 1460 1137 1537 morbum,
1156 1481 1219 1543 quo
1236 1461 1343 1547 primo

309 1555 349 1621 ab
367 1556 498 1620 infantia
515 1553 716 1619 afflictaretur
733 1555 947 1632 Britannicus,
967 1563 998 1619 et
1014 1555 1168 1620 redituros
1186 1555 1341 1640 paulatim

308 1650 395 1714 visus
414 1670 598 1731 sensusque.
626 1658 658 1713 at
675 1647 872 1734 Agrippinae
889 1648 916 1713 is
934 1671 1046 1734 pavor,
1070 1671 1108 1713 ea
1130 1650 1341 1714 consternatio

308 1743 435 1820 mentis,
463 1742 606 1825 quamvis
633 1742 722 1806 vultu
748 1752 954 1828 premeretur,
983 1743 1121 1820 emicuit,
1147 1752 1183 1807 ut
1207 1743 1341 1828 perinde

308 1838 449 1924 ignaram
466 1836 566 1901 fuisse
584 1849 673 1922 atque
692 1835 874 1913 Octaviam,
898 1858 1037 1902 sororem
1053 1837 1240 1914 Britannici,
1264 1859 1342 1902 con-

309 1931 434 1996 stiterit:
457 1929 572 2016 quippe
592 1931 652 1996 sibi
674 1953 855 2016 supremum
878 1932 1029 1996 auxilium
1052 1940 1193 2016 ereptum
1215 1942 1246 1995 et
1267 1953 1342 2017 par-

308 2025 409 2090 ricidii
431 2025 610 2110 exemplum
632 2025 843 2112 intellegebat.
872 2023 1008 2091 Octavia
1030 2047 1169 2109 quoque,
1191 2027 1340 2108 quamvis

307 2119 437 2186 rudibus
456 2120 555 2198 annis,
575 2120 723 2198 dolorem,
743 2120 916 2197 caritatem,
935 2121 1037 2186 omnis
1055 2120 1187 2185 affectus
1205 2119 1342 2186 abscon-

309 2216 381 2280 dere
404 2215 567 2279 didicerat:
594 2215 638 2279 ita
658 2224 731 2300 post
752 2214 848 2280 breve
871 2214 1029 2279 silentium
1049 2214 1181 2300 repetita
1202 2213 1342 2279 convivii

307 2308 435 2373 laetitia.

261 2424 289 2470 ιι
371 2401 443 2466 Νοιι
461 2402 571 2465 eadem
584 2422 694 2466 necem
708 2401 881 2467 Britannici
899 2411 930 2466 et
946 2422 1060 2488 rogum
1078 2401 1246 2478 coniunxit,
1265 2423 1343 2486 pro-

308 2497 377 2561 viso
395 2506 466 2560 ante
485 2496 607 2561 funebri
629 2505 754 2582 paratu,
778 2497 832 2579 qui
849 2496 992 2561 modicus
1010 2497 1084 2575 fuit3
1107 2497 1141 2560 in
1162 2517 1272 2582 campo
1292 2505 1342 2560 ta·

307 2590 506 2655 menlllartis
521 2590 661 2674 sepultus
676 2599 733 2668 est,
753 2591 832 2655 adeo
850 2590 981 2656 turbidis
999 2590 1152 2655 imbribus
1170 2598 1205 2655 ut
1222 2589 1341 2676 vulgus

308 2684 385 2748 iram
403 2684 497 2748 deum
514 2683 657 2767 portendi
675 2683 839 2748 crediderit
857 2685 1007 2748 adversus
1025 2684 1158 2761 facinus,
1178 2683 1229 2748 cui
1244 2683 1343 2769 pleri-

308 2799 369 2861 que
394 2775 518 2864 [et]iam
535 2776 697 2841 hominum
715 2777 934 2863 ignoscebant,
961 2778 1105 2861 antiquas
1123 2777 1255 2841 fratrum
1273 2777 1342 2841 dis-

309 2871 430 2936 cordias
454 2880 484 2935 et
505 2870 687 2937 insociabile
704 2893 837 2957 regnum
860 2871 1070 2936 aestimantes.
1099 2872 1224 2936 tradunt
1245 2870 1342 2955 pleri-

309 2986 370 3049 que
384 2988 491 3030 eorum
505 2976 680 3051 temporum
691 2965 856 3050 scriptores
871 2964 986 3030 crebris
1001 2975 1073 3030 ante
1087 2966 1215 3029 exitium
1225 2963 1340 3028 diebus

308 3059 435 3125 illusum
448 3061 511 3126 isse
524 3061 676 3146 pueritiae
685 3060 857 3124 Britannici
866 3059 1032 3136 Neronem,
1047 3069 1082 3123 ut
1095 3060 1157 3124 iam
1171 3082 1234 3123 non
1247 3081 1341 3143 prae-

309 3164 431 3219 matura
443 3176 545 3238 neque
560 3177 654 3220 saeva
667 3179 750 3220 mors
764 3155 862 3219 videri
876 3164 978 3237 queat,
998 3153 1142 3238 quamvis
1155 3153 1235 3218 inter
1249 3175 1342 3218 sacra

309 3271 436 3314 mensae
453 3272 493 3313 ne
511 3259 650 3335 tempore
673 3251 799 3333 quidem
821 3251 861 3314 ad
879 3248 1077 3333 complexum
1100 3270 1242 3313 sororum
1263 3248 1341 3311 dato

310 3349 381 3404 ante
399 3342 505 3406 oeulos
518 3343 636 3408 inimici
649 3354 813 3429 properata
831 3344 921 3408 sitin
938 3343 1026 3406 illum
1045 3365 1225 3428 supremum
1241 3340 1342 3406 Clau·

309 3432 431 3497 diorum
454 3435 654 3520 sanguinem,
678 3446 785 3520 stupro
803 3438 889 3522 prius
912 3459 1006 3520 quam
1028 3458 1150 3500 veneno
1171 3435 1338 3520 pollutum.

308 3527 539 3593 festinationem
558 3530 776 3612 exsequiarum
799 3531 901 3596 edicto
920 3530 1040 3596 Caesar
1057 3530 1210 3606 defendit,
1235 3552 1254 3593 a
1271 3551 1341 3593 ma-

308 3621 425 3687 icribus
438 3622 614 3686 institutum
627 3623 765 3688 referens
780 3626 961 3690 subtrahere
980 3618 1077 3690 oculis
1097 3623 1209 3689 acerba
1227 3623 1341 3687 funera

309 3738 410 3801 neque
431 3715 661 3782 laudationibus
685 3728 738 3783 aut
759 3741 875 3805 pompa
897 3719 1048 3784 detinere:
1073 3727 1209 3782 ceterum
1228 3726 1260 3781 et
1277 3716 1340 3782 sibi

309 3812 425 3877 amisso
442 3810 547 3877 fratris
566 3811 680 3878 auxilio
698 3814 833 3898 reliquas
852 3835 924 3898 spes
942 3813 975 3876 in
992 3811 1170 3896 republica
1193 3811 1283 3888 sitas,
1308 3821 1340 3874 et

309 3915 395 3971 tanto
413 3907 514 3992 magis
533 3907 703 3972 fovendum
721 3907 862 3994 patribus
880 3907 1059 3993 populoque
1077 3905 1263 3992 principem,
1282 3903 1339 3986 qui

310 4021 390 4064 unus
410 4011 588 4085 superesset
605 4023 621 4066 e
640 4001 759 4066 familia
777 4023 935 4066 summum
954 4001 995 4064 ad
1012 3999 1176 4085 fastigium
1194 3997 1310 4085 genita.

262 4109 291 4156 18
372 4093 458 4159 Exin
480 4094 643 4180 largitione
668 4096 849 4182 potissimos
875 4095 1047 4160 amicorum
1073 4093 1173 4158 auxit:
1202 4113 1261 4156 neo
1282 4091 1339 4155 de-

309 4185 397 4251 fuero
419 4189 472 4271 qui
495 4201 661 4274 arguerent
682 4191 766 4255 viros
788 4190 974 4276 gravitatem
992 4188 1227 4263 adseveranter,
1251 4184 1339 4269 quod
