3042 4956
315 419 378 487 218
666 428 850 488 CORNELII
861 426 991 486 TAClTl

1236 532 1258 562 α.
1268 533 1290 563 u.
1298 525 1349 564 80⁴.

315 599 347 656 ct
363 613 404 656 an
416 588 618 654 ulcisceretur
630 586 798 654 consultat:
816 587 924 673 paucis
943 587 1039 653 decus
1057 587 1220 674 publicum
1238 613 1350 666 curae3

314 685 420 771 plures
430 693 497 750 tnta
506 683 676 749 disserunt:
691 703 783 747 omne
793 681 895 747 scelus
904 691 1068 746 externum
1077 704 1149 748 cnm
1162 683 1283 748 laetitia
1290 685 1350 750 ha-

316 778 453 844 bendum
458 803 468 857 ;
483 777 603 842 semina
616 776 709 842 etiam
719 775 860 841 odiorum
870 775 1021 852 iacienda,
1035 785 1070 840 ut
1084 799 1178 862 saepe
1186 778 1348 864 principes

315 872 453 938 Romani
465 871 596 937 eandem
604 870 788 936 Armeniam
802 869 906 955 specie
919 869 1092 955 largitionis
1102 871 1266 937 turbandis
1276 871 1349 936 bar-

316 966 463 1032 barorum
485 965 596 1031 animis
618 964 831 1051 praebuerint3
857 973 1016 1049 poteretur
1037 965 1241 1032 Radamistus
1263 967 1348 1032 male

316 1061 428 1148 partis,
455 1062 531 1126 dum
553 1061 688 1137 invisus,
714 1059 856 1136 infamis,
882 1059 1063 1142 quandoid
1088 1061 1191 1147 magis
1218 1084 1259 1126 ex
1284 1085 1349 1126 usu

317 1178 413 1240 quam
427 1155 454 1221 si
467 1177 538 1220 cum
551 1155 651 1242 gloria
663 1155 794 1238 adeptus
807 1153 897 1218 foret.
914 1153 949 1218 in
961 1153 1043 1226 hanc
1057 1155 1243 1220 sententiam
1252 1156 1348 1233 itum;

316 1273 357 1316 ne
379 1261 485 1315 tamen
506 1250 654 1314 adnuisse
676 1249 807 1313 facinori
829 1247 1008 1314 viderentur
1030 1258 1061 1315 et
1082 1250 1207 1315 diversa
1225 1248 1349 1315 Caesar

317 1344 447 1422 iuberet,
465 1343 554 1408 missi
570 1344 610 1408 ad
624 1333 860 1408 Pharasmanen
872 1343 981 1420 nuntii,
1001 1353 1035 1407 ut
1048 1344 1231 1411 abscederet
1244 1368 1264 1408 a
1276 1344 1348 1408 lini-

317 1439 377 1505 bus
396 1437 555 1504 Armeniis
573 1437 733 1521 filiumque
752 1436 954 1502 abstraheret.

266 1555 299 1604 as
381 1533 461 1598 Erat
484 1531 703 1617 Cappadociae
725 1541 907 1617 procurator
928 1531 1028 1596 Iulius
1046 1529 1214 1619 Pelignus,
1238 1532 1348 1618 ignavi

317 1626 412 1694 animi
430 1636 461 1690 et
478 1625 648 1691 deridiculo
666 1625 804 1711 corporis
823 1626 911 1691 iuxta
928 1625 1157 1712 despiciendus,
1177 1629 1234 1694 sed
1249 1627 1349 1692 Clau-

316 1724 368 1788 dio
385 1743 538 1808 perquam
555 1719 731 1798 familiaris,
755 1743 827 1786 cum
849 1722 990 1806 privatus
1012 1721 1086 1786 olim
1109 1722 1347 1787 conversatione

318 1839 495 1883 scurrarum
509 1815 592 1880 iners
606 1814 703 1880 otium
719 1814 903 1880 oblectaret:
922 1814 949 1880 is
962 1815 1114 1902 Pelignus
1133 1817 1257 1880 auxiliis
1274 1839 1349 1901 pro-

317 1909 497 1976 vincialium
519 1909 685 1975 contractis
708 1918 868 1993 tamquam
889 1919 1127 1994 recuperaturus
1149 1908 1347 1988 Armeniam,

318 2007 395 2071 dum
412 2006 514 2071 socios
533 2005 634 2091 magis
657 2026 752 2088 qnam
769 2003 876 2070 hostes
894 2005 1075 2090 praedatur,
1099 2004 1251 2071 abscessu
1273 2029 1349 2070 suo-

318 2125 388 2166 rum
411 2110 442 2166 et
462 2097 694 2165 incursantibus
721 2097 861 2163 barbaris
888 2099 1037 2183 praesidii
1059 2121 1156 2186 egens
1178 2101 1219 2164 ad
1240 2099 1350 2164 Rada-

318 2196 447 2260 mistum
464 2195 563 2272 venit3
586 2193 739 2278 donisque
757 2193 824 2258 eius
842 2179 961 2258 evictris
980 2193 1060 2258 ultro
1082 2193 1204 2280 regiur'n
1220 2194 1348 2278 insigne

320 2312 443 2356 sumere
470 2289 661 2365 cohortatur,
690 2288 885 2371 sumentique
907 2287 997 2353 adest
1022 2297 1184 2353 auctorat
1210 2288 1347 2353 satelles.

318 2382 404 2468 qnod
421 2381 475 2446 ubi
494 2381 575 2466 turpi
593 2380 679 2446 fama
697 2381 900 2467 divulgatum,
919 2403 959 2445 ne
977 2382 1071 2446 ceteri
1089 2403 1214 2467 quoque
1231 2404 1272 2446 ex
1284 2381 1349 2445 Pc-

317 2477 404 2560 ligno
431 2475 690 2552 coniectarentur,
717 2475 885 2540 Helvidius
907 2475 1037 2542 Priscus
1063 2477 1186 2562 legatus
1202 2497 1281 2540 cum
1303 2474 1350 2540 lc-

318 2569 412 2655 gione
430 2567 574 2644 mittitur,
596 2567 690 2632 rebus
713 2566 845 2633 turbidis
868 2591 924 2654 pro
942 2579 1081 2655 tempore
1098 2580 1134 2634 ut
1155 2568 1347 2645 consuleret;

317 2661 413 2747 igitur
429 2681 560 2746 propere
581 2669 719 2724 montem
738 2660 880 2726 Taurum
901 2671 1117 2749 transgressus
1134 2661 1348 2727 moderatione

317 2756 408 2841 plura
429 2777 524 2839 quam
542 2753 575 2820 vi
596 2763 829 2839 composuerat,
852 2779 924 2821 cum
945 2758 1047 2822 redire
1064 2756 1097 2820 in
1115 2755 1241 2842 Syriam
1258 2753 1349 2820 iuhe-

319 2860 383 2928 tur,
400 2871 441 2914 ne
459 2848 581 2913 initium
599 2846 673 2913 belli
691 2849 842 2915 adversus
860 2850 996 2916 Parthos
1014 2851 1170 2916 existeret.

190 2953 194 2964 ’
268 2960 302 3012 to
382 2943 465 3009 Nam
478 2941 653 3030 Vologeses
667 2966 777 3009 casum
789 2945 983 3010 invadendae
996 2943 1167 3012 Armeniae
1180 2942 1348 3009 obvenisse

320 3048 416 3116 ratus,
435 3061 530 3123 quam
549 3063 568 3103 a
584 3038 754 3104 maioribus
773 3039 838 3104 suis
855 3061 1037 3124 possessam
1054 3050 1201 3104 externus
1218 3059 1276 3102 rex
1291 3037 1350 3102 fla·

320 3133 397 3220 gitio
416 3132 582 3211 obtineret,
607 3130 760 3200 contrahit
778 3134 883 3219 copias
906 3133 1096 3217 fratremque
1115 3133 1277 3197 Tiridaten
1293 3131 1350 3196 de-

320 3229 434 3311 ducere
452 3228 485 3292 in
501 3250 634 3312 regnum
650 3237 753 3312 parat,
771 3250 812 3292 ne
830 3250 893 3311 qua
909 3250 982 3313 pars
1000 3228 1113 3293 domus
1132 3227 1199 3292 sine
1216 3225 1348 3310 imperio

320 3329 437 3405 ageret.
464 3321 588 3385 incessu
606 3320 794 3386 Parthorum
813 3321 880 3386 sine
899 3322 965 3386 acie
987 3322 1070 3407 pulsi
1087 3320 1215 3397 Hiberi,
1238 3318 1350 3384 urbes-

319 3432 382 3494 que
403 3410 626 3476 Armeniorum
648 3413 803 3480 Artaxata
825 3425 856 3480 et
878 3415 1103 3501 Tigranocerta
1128 3415 1239 3500 iugum
1260 3434 1351 3478 acce-

319 3524 408 3588 perc;
435 3503 547 3568 deinde
569 3513 659 3570 atrox
680 3506 780 3572 hiems
804 3529 860 3571 scu
881 3531 993 3592 parum
1015 3509 1133 3594 provisi
1155 3515 1349 3573 commeatus

320 3606 352 3662 et
374 3605 441 3661 orta
463 3618 503 3661 ex
526 3607 660 3681 utroque
687 3599 774 3665 tabes
801 3601 978 3686 perpellunt
999 3603 1189 3688 Vologesen
1207 3601 1350 3667 omittere

320 3691 511 3778 praesentia,
535 3714 729 3778 vacuamque
751 3716 859 3760 rursus
877 3693 1063 3762 Armeniam
1080 3696 1284 3761 Radamistus
1302 3694 1351 3758 in·

320 3787 411 3866 vasit,
430 3788 632 3853 truculentior
644 3810 738 3872 quarn
753 3797 853 3868 antea,
873 3800 1031 3875 tamquam
1047 3792 1199 3856 adversus
1211 3790 1351 3855 defecto·

320 3903 371 3948 rcs
390 3891 421 3948 et
437 3882 470 3947 in
488 3893 626 3971 tempore
643 3883 854 3950 rebellaturos.
877 3896 970 3969 atque
988 3885 1042 3964 illi,
1061 3885 1205 3969 quamvis
1224 3881 1350 3948 servitio

322 3978 417 4056 sueti,
439 3980 621 4064 patientiam
644 3978 834 4066 abrumpunt
856 3981 1013 4064 armisque
1035 3980 1155 4066 regiam
1177 3978 1351 4042 circumve-

321 4072 424 4150 niunt,
447 4093 506 4139 nec
524 4074 609 4140 aliud
626 4073 811 4140 Radamisto
834 4075 1009 4141 subsidium
1026 4074 1087 4139 suit
1104 4095 1199 4158 quam
1216 4069 1352 4158 pernici-

322 4171 370 4230 tas
389 4187 555 4250 equorum,
574 4168 645 4252 quis
664 4191 760 4254 seque
778 4179 809 4236 ct
826 4170 992 4256 coniugem
1009 4167 1147 4235 abstulit
