3020 4958
337 451 401 516 210
685 419 1015 513 connnmrrnorri

337 619 528 686 uberrimum
547 613 692 701 spolianti
710 624 741 678 et.
754 613 995 680 defendentibus
1009 614 1144 680 intutum
1161 616 1236 683 laeti
1249 553 1382 702 dilabi

337 725 369 778 et
391 714 522 778 aliorum
541 731 654 796 segnes
678 707 834 794 petebant.
863 707 903 772 ad
921 710 1120 795 septuaginta
1141 711 1228 775 milia
1250 711 1380 778 civium

337 819 370 872 et
390 807 546 872 socionrm
566 803 616 868 his
641 824 722 886 quae
743 801 914 867 memoravi
935 802 1011 868 locis
1038 804 1189 870 cecidisse
1212 807 1378 884 constitit3

336 899 548 986 nequeenim
577 919 688 982 capere
713 905 768 961 aut
797 897 989 975 venundare,
1021 897 1145 963 aliudve
1175 900 1262 982 quod
1292 899 1378 965 belli

337 993 571 1070 commercium
595 991 651 1056 sed
673 991 799 1068 caedes,
826 989 980 1076 patibula,
1007 991 1111 1078 ignes,
1139 1014 1262 1070 cruces,
1286 1004 1377 1058 tam-

336 1113 432 1174 qnam
456 1086 606 1152 reddituri
632 1085 819 1170 supplicium
845 1106 883 1150 ac
907 1095 1072 1171 praerepta
1097 1087 1221 1151 interim
1246 1087 1374 1154 ultione

337 1181 538 1248 festinabant.

286 1302 318 1348 st
401 1276 470 1340 Iam
490 1272 642 1340 Suetonio
659 1282 770 1356 quarta
787 1273 920 1338 decuma
940 1272 1024 1360 legio
1042 1295 1114 1339 cum
1131 1274 1300 1340 vexillariis
1320 1277 1372 1340 ii-

335 1370 502 1438 cesimanis
519 1379 552 1433 et
568 1390 585 1432 e
602 1368 752 1454 proximis
771 1368 951 1445 auxiliares,
970 1369 1078 1434 decem
1096 1369 1194 1433 ferme
1211 1369 1299 1435 miha
1317 1394 1372 1436 ar-

334 1477 490 1532 matorum
516 1472 618 1539 erant,
645 1485 718 1526 cum
744 1462 885 1527 omittere
911 1463 1138 1528 cunctationem
1161 1473 1191 1528 et
1214 1465 1370 1550 congredi

334 1561 401 1624 acie
418 1567 505 1643 parat
511 1582 520 1634 3
538 1556 709 1642 deligitque
722 1555 827 1620 locum
840 1556 915 1620 artis
928 1555 1072 1622 faucibus
1091 1567 1122 1622 et
1139 1581 1158 1622 a
1176 1567 1265 1644 tergo
1285 1559 1369 1624 silva

334 1653 484 1728 clausurn,
504 1651 580 1714 satis
594 1650 719 1735 cognito
733 1649 810 1712 nihil
823 1650 961 1714 hostium
977 1651 1038 1716 nisi
1055 1651 1088 1716 in
1106 1651 1206 1716 fronte
1225 1661 1256 1716 et
1274 1675 1368 1738 aper-

333 1759 398 1810 tam
414 1745 574 1832 planitiem
597 1766 681 1820 esse,
705 1744 772 1808 sine
790 1753 876 1808 metu
893 1744 1089 1823 insidiarum3
1111 1746 1206 1833 igitur
1223 1745 1368 1832 legiona-

333 1842 399 1906 n'us
416 1841 565 1924 frequens
583 1837 759 1915 ordinibus,
777 1838 856 1902 levis
875 1839 992 1904 circum
1010 1849 1174 1918 armatura,
1192 1839 1368 1926 congloba-

334 1947 386 2000 tus
402 1957 460 2020 pro
478 1932 624 1998 cornibus
643 1954 739 2016 eques
758 1932 864 1996 astitit.
888 1943 920 1998 at
933 1933 1154 1998 Britannorum
1169 1934 1277 2020 copiae
1290 1957 1367 2019 pas-

335 2029 395 2094 sim
417 2051 473 2114 per
493 2037 634 2092 catervas
653 2037 685 2092 ct
706 2037 824 2090 turmas
847 2026 1042 2106 exultabant,
1066 2036 1182 2112 quanta
1202 2051 1266 2092 non
1285 2028 1366 2093 alias

335 2123 501 2188 multitudo
519 2133 550 2186 et
568 2123 672 2188 animo
694 2122 773 2186 adeo
791 2121 871 2196 fero,
894 2131 929 2184 ut
947 2123 1096 2208 coniuges
1118 2144 1242 2206 quoque
1264 2131 1365 2188 testes

334 2219 482 2282 ricton-iae
508 2239 615 2280 secum
641 2215 798 2280 traherent
823 2214 1032 2301 plaustrisque
1058 2218 1253 2303 inponerent,
1280 2239 1366 2301 quac

335 2333 430 2397 super
446 2319 620 2376 extremum
637 2308 790 2374 ambitum
807 2309 911 2394 campi
926 2320 1104 2396 posuerant.

283 2428 315 2473 ss
397 2405 558 2470 Boudicca
575 2426 667 2468 cin-ru
684 2403 764 2469 filias
781 2426 857 2490 prae
875 2425 909 2470 se
927 2405 1059 2482 vehens,
1078 2415 1288 2490 utquomque
1306 2429 1366 2472 na-

333 2500 449 2562 tionem
475 2507 663 2574 accesserat,
692 2498 817 2563 solitum
840 2498 966 2582 quidem
987 2497 1147 2565 Britannis
1173 2500 1364 2564 feminarum

332 2593 429 2656 ductu
446 2590 562 2656 bellare
579 2590 766 2655 testabatur:
785 2593 841 2656 sed
859 2602 933 2658 tunc
949 2615 1013 2658 non
1030 2603 1065 2658 ut
1078 2595 1171 2658 tantis
1190 2595 1363 2660 maioribus

332 2695 432 2750 ortam
444 2705 576 2769 regnum
595 2693 625 2747 et
643 2706 729 2770 opes,
748 2707 859 2749 verum
876 2696 911 2750 ut
928 2709 1023 2752 unam
1042 2710 1059 2752 e
1076 2688 1172 2774 vulgo
1185 2688 1363 2753 hbertatem

333 2779 491 2854 amissam,
510 2778 687 2842 confectum
700 2777 883 2846 verberibus
902 2803 1024 2867 corpus,
1044 2792 1264 2848 contrectatam
1280 2782 1365 2847 filia-

331 2898 401 2940 rum
413 2873 595 2960 pudicitiam
610 2873 726 2938 ulcisci.
745 2897 783 2939 eo
795 2885 960 2960 provectas
970 2876 1182 2942 Romanorum
1197 2875 1361 2962 cupidines

332 2979 367 3034 ut
384 2991 446 3034 non
463 2990 603 3054 corpora,
622 2989 680 3034 nec
698 2980 856 3035 senectam
869 2969 997 3053 quidem
1014 2979 1069 3036 aut
1085 2971 1296 3058 virginitatem
1314 2971 1363 3035 in-

331 3064 484 3152 pollutam
504 3064 689 3148 relinquant.
716 3066 828 3130 adesse
850 3075 955 3130 tamen
972 3067 1048 3132 deos
1070 3067 1171 3132 iustae
1188 3066 1361 3132 vindictae:

332 3160 483 3224 cecidisse
500 3158 655 3244 legionem
672 3181 753 3242 quae
770 3157 923 3246 proelium
941 3182 1019 3225 ausa
1037 3160 1090 3238 sit3
1108 3169 1228 3225 ceteros
1247 3161 1360 3226 castris

331 3253 479 3318 occidtari
501 3263 555 3317 aut
576 3253 685 3340 sugam
708 3254 955 3340 circumspicere.
983 3275 1023 3319 ne
1046 3255 1209 3340 strepitum
1231 3255 1361 3338 quidem

331 3355 362 3408 et
379 3344 546 3410 clamorem
565 3355 611 3410 tot
628 3347 761 3424 milium,
785 3349 901 3412 nedum
921 3349 1056 3434 impetus
1075 3358 1106 3413 et
1123 3371 1235 3414 manus
1258 3349 1361 3433 perla-

331 3447 427 3500 turos.
451 3437 478 3500 si
495 3439 601 3522 copias
621 3449 824 3518 armatorum,
849 3442 875 3506 si
894 3464 1005 3508 causas
1024 3441 1097 3507 belli
1116 3463 1223 3508 secum
1241 3465 1361 3528 expen-

329 3529 447 3604 derent,
467 3528 654 3594 vincendum
671 3531 724 3595 illa
741 3535 808 3598 acie
826 3533 876 3598 vel
890 3534 1064 3601 cadendum
1082 3559 1162 3602 esse.
1185 3537 1218 3600 id
1236 3536 1358 3601 mulieri

330 3622 532 3688 destinatum:
551 3622 691 3688 viverent
708 3625 767 3690 viri
785 3637 816 3691 et
833 3628 993 3694 seminent.

280 3739 311 3786 ac
393 3717 440 3784 Ne
453 3715 622 3786 Suetonius
635 3720 762 3803 quidem
775 3721 806 3785 in
821 3731 907 3787 tanto
917 3724 1094 3790 discrimine
1109 3723 1233 3802 silebat3
1247 3745 1360 3808 qnam-

329 3838 424 3900 quam
437 3813 606 3880 confideret
622 3815 737 3892 virtuti,
757 3824 861 3880 tamen
874 3817 1105 3882 exhortationes
1124 3828 1155 3882 et
1171 3839 1281 3904 preces
1299 3818 1359 3881 mi·

330 3908 446 3986 scebat,
465 3917 501 3973 ut
514 3917 694 3994 spernerent
708 3933 835 3976 sonores
849 3909 1050 3977 barbarorum
1069 3921 1100 3976 et
1117 3912 1226 3976 inanes
1239 3911 1357 3976 minas:

328 4003 400 4088 plus
417 4003 481 4068 illio
493 4004 680 4069 feminarum
693 4027 787 4088 qnam
800 4005 969 4070 iuventutis
984 4006 1096 4092 aspici;
1116 4005 1256 4083 inbelles,
1274 4005 1358 4069 iner-

329 4117 406 4172 mes,
426 4119 570 4163 cessuros
589 4099 707 4176 stathn,
731 4099 785 4164 ubi
803 4099 919 4164 ferrum
938 4100 1146 4182 virtutemque
1164 4099 1356 4164 vircomium

329 4187 441 4252 totiens
464 4189 527 4254 fusi
550 4191 760 4274 agnovissent.
789 4194 881 4258 ctiam
904 4194 937 4257 in
955 4193 1059 4258 multis
1083 4192 1259 4278 legionibus
1277 4213 1357 4276 pau-
