2960 4962
383 443 592 502 Annorum
609 441 686 498 mn.
698 421 747 500 1‘v.
766 444 886 500 ro-ra
1080 435 1141 500 121

117 548 137 587 p.
147 535 232 576 crae.

117 605 289 687 quisquam
306 601 439 687 scriptor
455 610 519 664 tam
536 597 679 664 infensus
697 600 798 664 extitit
815 611 850 665 ut
863 601 990 674 Tiberio
1007 604 1144 671 obiecta

116 706 168 773 ret,
187 719 268 760 cum
280 695 384 760 omnia
397 694 458 758 alia
475 692 690 776 conquirerent
707 693 971 779 intenderentque.
993 697 1069 762 mibi
1082 709 1144 763 tra-

116 789 208 854 dendi
227 788 445 874 arguendique
462 787 595 850 rumoris
618 808 714 850 causa
730 786 791 850 fuir
807 796 843 850 ut
861 789 944 853 claro
962 789 1021 856 sub
1039 813 1143 856 exem-

115 883 164 967 plo
177 882 282 947 salsas
296 881 471 948 auditiones
485 880 671 964 depellerem
684 889 884 965 peteremque
902 883 942 950 ab
955 883 993 948 iis
1011 906 1143 967 quorum

115 977 145 1039 in
160 999 279 1040 marrus
297 997 374 1040 cura
390 983 498 1038 nostra
514 974 642 1051 venerit,
661 974 822 1060 divulgata
839 997 934 1059 acque
952 975 1144 1042 incredibilia

115 1091 149 1133 ac
165 1070 263 1133 avide
284 1067 518 1153 acceptaveris
539 1088 641 1150 neque
662 1067 696 1132 in
713 1068 897 1133 miraculum
919 1070 1071 1154 corruptis
1090 1093 1144 1134 arr·

115 1161 294 1226 rehabeant.

178 1253 333 1320 Ceterum
358 1255 504 1320 laudante
530 1255 629 1320 filium
654 1277 711 1340 pro
732 1257 840 1322 rostris
863 1258 990 1325 Tiberio
1016 1265 1142 1324 senatus
1162 1277 1193 1326 12

115 1349 314 1433 populusque
327 1349 469 1414 habitum
487 1372 524 1414 ac
542 1371 636 1415 voces
650 1351 810 1415 dolentum
828 1351 1023 1417 simulatione
1040 1353 1142 1438 magis

115 1462 210 1523 quam
232 1441 335 1506 libens
357 1441 520 1520 induebat,
543 1443 732 1527 domumque
756 1441 934 1510 Germanici
954 1446 1142 1512 revirescere

117 1534 230 1598 occulti
238 1535 447 1600 laetabantur:
462 1536 547 1619 quod
554 1536 741 1621 principium
753 1537 869 1603 favoris
879 1537 1143 1624 etmaterAgrip-

116 1627 188 1710 pina
207 1651 298 1713 spem
311 1629 393 1693 male
406 1639 516 1715 tegens
533 1630 702 1714 perniciem
719 1631 942 1697 adceleravere.
964 1655 1038 1698 nam
1053 1631 1142 1698 Seia-

117 1743 174 1786 nus
192 1722 250 1787 ubi
268 1723 354 1787 videt
370 1733 502 1788 mortem
519 1722 619 1788 Drusi
640 1723 770 1788 inultam
787 1725 1050 1803 interfectoribus,
1074 1727 1141 1791 sine

117 1836 257 1881 maerore
274 1817 402 1902 publico
420 1839 504 1895 esse,
523 1817 613 1882 ferox
631 1817 796 1895 scelerum,
816 1828 847 1883 et
863 1820 937 1902 quia
953 1820 1054 1903 prima
1070 1842 1142 1903 pro-

119 1919 280 1988 venerant,
304 1909 445 1975 volutare
467 1932 574 1976 secum
595 1933 732 1994 quonam
753 1912 846 1976 modo
865 1909 1044 1976 Germanici
1064 1912 1142 1976 libe-

117 2023 167 2065 ros
179 2013 382 2087 perverteret,
401 2026 532 2087 quorum
544 2027 609 2069 non
622 2004 718 2069 dubia
732 2005 903 2083 successio:
921 2025 1022 2086 neque
1037 2004 1141 2087 spargi

120 2116 272 2160 venenum
289 2097 324 2160 in
341 2105 404 2160 tres
425 2106 559 2183 poterat,
583 2097 711 2183 egregia
733 2096 898 2161 custodum
919 2096 982 2160 fide
1000 2104 1031 2159 et
1052 2095 1143 2180 pudi-

120 2187 189 2254 citia
214 2189 413 2276 Agrippinae
438 2191 664 2276 inpenetrabili.
701 2191 797 2276 igitur
822 2189 1048 2254 contumaciam
1075 2189 1141 2252 eius

21 2355 26 2370 .
120 2280 275 2362 insectari,
303 2295 394 2348 vetus
416 2283 581 2370 Augustae
608 2285 729 2363 odium,
755 2293 912 2350 recentem
933 2284 1045 2348 Liviae
1069 2305 1142 2347 con-

121 2375 279 2442 scientiam
301 2379 476 2464 exagitare,
502 2387 537 2442 ut
555 2379 721 2464 superbam
744 2378 947 2454 fecunditate,
975 2377 1140 2442 subnixam

120 2471 321 2554 popularibus
349 2472 459 2536 studiis
485 2469 605 2536 inhiare
632 2471 834 2536 dominationi
861 2472 945 2556 apud
971 2470 1140 2536 Caesarem

121 2573 296 2647 arguerent,
320 2573 413 2648 atque
435 2564 514 2629 haec
536 2565 654 2630 callidis
677 2565 938 2642 criminatoribus3
960 2565 1040 2629 inter
1061 2587 1140 2648 quos

121 2655 597 2744 delegeratIuliumPostumum‚
607 2681 664 2744 per
671 2659 1003 2724 adulteriumMutiliae
1012 2659 1140 2723 Priscae

120 2747 195 2815 inter
205 2752 334 2816 intimos
348 2752 436 2817 aviae
450 2761 480 2816 et
493 2753 630 2817 consiliis
645 2753 710 2818 suis
722 2754 935 2838 peridoneum,
948 2753 1022 2836 quia
1030 2751 1141 2816 Prisca

119 2840 151 2906 in
165 2846 270 2910 animo
287 2844 454 2931 Augustae
476 2846 581 2911 valida
602 2869 697 2911 anum
719 2856 829 2932 suapte
851 2856 963 2910 natura
984 2846 1140 2929 potentiae

121 2939 240 3004 anxiam
263 2939 477 3004 insociabilem
499 2941 591 3004 nurui
613 2939 779 3006 efficiebat.
802 2937 997 3024 Agrippinae
1015 2958 1140 3020 quoque

120 3033 249 3112 pmximi
271 3033 489 3112 inliciebantur
509 3034 614 3118 pravis
637 3032 832 3099 sermonibus
854 3030 991 3095 tumidos
1015 3029 1140 3112 spiritns

120 3126 342 3205 perstimulare.

177 3217 225 3284 At
246 3219 393 3285 Tiberius
414 3221 491 3284 nihil
512 3222 689 3286 intermissa
705 3242 809 3285 rerum
828 3241 925 3296 cura,
937 3213 1064 3302 negotia
1085 3236 1141 3299 pro
1162 3237 1191 3284 13

122 3311 234 3377 solatiis
258 3313 428 3398 accipiens,
452 3315 501 3380 ius
524 3315 653 3392 civium,
675 3336 784 3400 preces
803 3313 957 3378 sociorum
975 3309 1140 3388 tractabat3

121 3402 261 3490 lectaque
275 3416 402 3472 auctam
416 3430 453 3472 eo
468 3417 595 3474 senatus
609 3409 751 3474 consulta
763 3417 797 3472 ut
811 3407 927 3472 civitati
942 3404 1140 3490 Cibyraticae

121 3501 198 3582 apud
215 3498 347 3578 Asiam,
368 3499 521 3587 Aegiensi
538 3503 623 3587 apud
640 3500 808 3579 Achaiam,
830 3511 918 3567 motu
939 3509 1038 3564 terrae
1055 3498 1141 3564 labe-

87 3589 215 3670 !saetis
237 3593 455 3660 subveniretur
471 3596 654 3660 remissione
668 3595 775 3660 tributi
792 3597 824 3660 in
841 3595 1016 3661 triennium.
1040 3600 1071 3655 et
1083 3591 1141 3655 Vi·

121 3682 183 3752 bius
199 3686 352 3765 Serenus,
369 3689 536 3772 proconsul
549 3688 702 3754 ulterioris
716 3690 899 3774 Hispaniae,
919 3688 958 3751 de
971 3686 1004 3749 vi
1016 3683 1142 3768 publica

120 3780 298 3859 damnatus,
325 3783 366 3847 ob
389 3785 580 3848 atrocitatem
605 3807 724 3848 morum
750 3785 783 3848 in
808 3784 943 3848 insulam
964 3777 1141 3860 Amorgum

119 3875 307 3962 deportatur.
336 3875 499 3944 Carsidius
519 3875 687 3954 Sacerdos,
710 3898 782 3941 reus
805 3885 964 3957 tamquam
986 3870 1141 3932 frumento

118 3967 236 4036 hostem
253 3970 488 4037 Tacfarinatem
505 3970 645 4048 iuvisset,
665 3969 844 4043 absolvitur,
864 3964 1066 4045 eiusdemque
1084 3962 1142 4026 eri-

118 4065 205 4130 minis
226 4063 266 4130 C.
288 4061 461 4130 Gracchus.
488 4065 572 4130 hunc
590 4062 734 4128 comitem
752 4059 837 4124 exilii
855 4056 1023 4123 admodum
1040 4055 1142 4120 insan-

117 4165 174 4222 tem
196 4167 292 4244 pater
311 4155 516 4244 Sempronius
538 4158 570 4220 in
592 4155 726 4221 insulam
745 4152 910 4218 Cercinam
932 4148 1057 4228 tulerat3
1078 4149 1141 4215 illic
