2958 4960
404 415 615 476 anamma
631 380 882 473 umam-aa
1112 407 1157 472 33

118 521 138 561 ρ.
148 509 189 550 cu
198 511 235 549 15.

116 579 253 662 denique
273 575 315 641 ob
333 597 429 640 casus
443 573 598 640 bellorum
610 584 643 640 et
656 583 774 640 sortem
786 575 958 640 hominum.
980 577 1155 661 praemisso

116 671 273 748 Caecina,
293 679 329 734 ut
346 669 472 735 occulta
490 670 627 734 saltuum
650 680 842 735 scrutaretur
855 679 1032 758 pontesque
1049 683 1082 736 et
1098 697 1155 758 ag-

113 789 203 852 geres
223 763 360 829 humido
373 763 528 850 paludum
545 773 576 828 et
593 763 759 829 fallacibus
771 765 893 849 campis
906 763 1155 849 imponeret-in-

113 859 229 923 cedunt
242 867 386 922 maestos
399 858 489 923 locos
502 858 635 940 visuque
653 880 691 921 ac
707 858 859 922 memoria
872 857 1031 923 deformis.
1053 859 1155 944 prima

111 953 189 1018 Vari
207 962 319 1018 castra
335 951 400 1017 lato
418 951 540 1017 ambitu
556 960 588 1016 et
605 952 757 1016 dimensis
770 951 932 1037 principiis
946 952 1041 1014 trium
1057 952 1155 1037 legio·

111 1070 186 1110 num
204 1069 326 1110 manus
346 1045 561 1123 ostentabant3
580 1045 654 1110 dein
667 1045 818 1110 semiruto
831 1045 924 1122 vallo,
943 1045 1054 1108 humili
1067 1046 1156 1110 fossa

113 1141 236 1206 accisae
265 1141 333 1204 iam
358 1140 510 1224 reliquiae
536 1141 717 1205 consedisse
743 1139 1019 1225 intellegebantur;
1050 1139 1154 1203 medio

113 1235 216 1320 campi
240 1233 384 1299 albentia
400 1256 489 1312 ossa,
511 1244 547 1298 ut
568 1235 729 1320 fugerant,
752 1243 788 1297 ut
809 1235 1000 1310 restiterant,
1024 1233 1155 1297 disiecta

113 1328 162 1392 vel
185 1337 361 1415 aggerata3
389 1328 576 1393 adiacebant
601 1329 759 1414 fragmina
780 1327 912 1393 telorum
939 1349 1153 1411 equommque

114 1433 209 1486 artus.
234 1422 319 1486 lucis
337 1423 522 1508 propinquis
540 1421 692 1487 barbarae
709 1444 792 1499 arae,
810 1422 895 1507 apud
912 1443 992 1505 quas
1010 1420 1152 1486 tribunos

114 1536 149 1579 ao
161 1515 344 1600 primorum
357 1516 502 1582 ordinum
515 1517 711 1581 centuriones
721 1525 948 1594 mactaverant;
963 1515 1057 1581 simul
1065 1525 1153 1579 hrin-

113 1610 156 1674 cis
179 1610 335 1675 arborum
357 1611 496 1676 antefixa
517 1633 580 1676 ora.
608 1622 640 1674 et
662 1611 760 1675 cladis
782 1611 850 1676 eius
873 1611 1070 1696 superstites,
1092 1633 1153 1696 pu·

113 1725 208 1788 gnam
227 1717 287 1768 aut
303 1705 430 1769 vincula
448 1705 561 1790 elapsi,
584 1703 761 1769 referebant
778 1705 831 1769 hic
848 1707 999 1770 cecidisse
1016 1705 1149 1791 legatos,

113 1797 173 1862 illio
195 1807 309 1883 raptas
336 1798 474 1882 aquilas3
499 1789 642 1884 primum'
661 1798 718 1863 ubi
743 1798 857 1864 vulnus
878 1798 965 1864 Varo
992 1799 1149 1876 adactam

113 1890 165 1954 ubi
182 1891 308 1956 infelici
326 1893 456 1957 dextera
473 1902 505 1957 et
522 1915 579 1958 suo
597 1895 662 1958 ictu
679 1894 812 1958 mor'tem
828 1893 996 1970 invenerit3
1013 1915 1078 1977 quo
1096 1894 1151 1958 tri·

113 1983 221 2050 bunali
240 1986 441 2052 contionatus
459 1986 635 2066 Arminius,
654 1997 731 2070 quot
747 1987 889 2072 patibula
906 1987 1049 2071 captivis,
1068 2009 1149 2070 quae

115 2079 259 2156 scrobes3
285 2090 383 2163 utque
407 2081 506 2167 signis
529 2092 561 2146 et
582 2082 695 2165 aquilis
717 2103 776 2166 per
796 2080 976 2166 superbiam
997 2079 1148 2144 inluserit.

115 2173 208 2259 igitur
230 2173 398 2240 Romanus
421 2175 476 2259 qui
498 2176 606 2241 aderat
628 2176 785 2241 exercitus
812 2185 937 2240 sextum
957 2183 1030 2259 post
1051 2174 1149 2242 cladis
1167 2199 1200 2248 aa

116 2289 234 2332 annum
257 2267 353 2332 trium
373 2268 535 2355 legionum
557 2293 645 2348 ossa,
668 2269 755 2335 nullo
772 2279 922 2335 noscente
943 2269 1061 2334 alienas
1077 2271 1150 2336 reli-

117 2361 204 2443 quias
223 2385 266 2428 an
285 2385 414 2427 suorum
431 2363 529 2430 humo
551 2373 685 2451 tegeret,
708 2387 818 2430 omnes
836 2373 871 2428 ut
892 2363 1089 2443 coniunctos,
1112 2377 1149 2432 ut

117 2456 369 2541 consanguineos
385 2466 478 2522 aucta
493 2458 527 2522 in
540 2458 666 2530 hostem
682 2458 730 2523 ira
746 2459 859 2524 maesti
872 2459 966 2524 simul
983 2468 1014 2523 et
1031 2459 1147 2526 infensi

118 2550 307 2628 condebant3
334 2551 471 2635 primum
493 2553 665 2618 extruendo
687 2553 808 2618 tumulo
835 2554 1005 2639 caespitem
1027 2552 1148 2620 Caesar

117 2645 228 2726 posuit,
247 2645 430 2730 gratissimo
443 2669 572 2712 munere
585 2648 618 2711 in
635 2647 802 2714 defunctos
816 2657 847 2712 et
859 2648 1076 2734 praesentibus
1090 2649 1147 2714 do-

118 2735 188 2803 loris
215 2739 337 2803 sociust
364 2740 452 2823 quod
477 2739 606 2806 Tiberio
631 2741 717 2806 haud
741 2742 923 2826 probatum,
950 2765 1007 2807 seu
1033 2753 1147 2808 cuncta

120 2827 298 2896 Germanici
323 2833 358 2896 in
380 2833 517 2899 deterius
543 2835 692 2913 trahenti,
718 2837 786 2901 sive
812 2837 983 2902 exercitum
1008 2837 1146 2922 imagine

120 2946 280 2992 caesorum
301 2927 592 3013 insepultorumque
614 2931 770 2994 tardatum
788 2931 829 2996 ad
849 2930 969 3016 proelia
985 2941 1018 2994 et
1037 2930 1147 2994 sormi-

120 3019 306 3086 dolosiorem
318 3020 456 3086 hostium
469 3024 625 3102 credebat,
643 3046 745 3107 neque
758 3025 978 3109 imperatorem
990 3033 1147 3108 auguratu

121 3124 148 3176 et
166 3115 392 3180 vetustissimis
415 3117 610 3183 caerimoniis
636 3118 814 3203 praeditum
840 3117 1012 3181 adtrectare
1038 3115 1148 3180 feralia

121 3207 276 3274 debuisse.
908 3219 912 3226 '

181 3302 247 3369 Sed
262 3301 471 3372 Germanicus
490 3307 654 3372 cedentem
670 3307 704 3371 in
721 3307 792 3372 avia
809 3304 989 3370 Arminium
1008 3314 1145 3384 secutus,
1165 3326 1197 3376 63

121 3395 170 3462 ubi
190 3399 329 3484 primum
352 3399 442 3485 copia
464 3391 538 3480 fuit,
565 3402 657 3466 evehi
678 3402 798 3485 equites
821 3423 1029 3487 campumque
1051 3423 1146 3486 quem

121 3487 214 3557 hostis
232 3493 392 3557 insederat
410 3495 487 3580 eripi
504 3495 600 3561 iubet.
623 3496 786 3561 Arminius
805 3496 910 3583 colligi
932 3520 1006 3562 suos
1025 3505 1055 3562 et
1072 3519 1147 3583 pro-

120 3583 267 3669 pinquare
290 3587 378 3652 silvis
396 3590 530 3655 monitos
552 3591 645 3656 vertit
665 3601 807 3676 repente3
829 3615 904 3656 mox
926 3593 1051 3678 signum
1072 3613 1145 3676 pro-

120 3679 282 3764 rumpendi
295 3679 382 3746 dedit
399 3683 437 3748 iis
452 3705 532 3767 quos
549 3707 607 3770 per
620 3685 717 3750 saltus
732 3687 955 3750 occultaverat:
974 3699 1049 3750 tunc
1061 3707 1145 3749 nova

121 3773 190 3837 acie.
207 3773 353 3840 turbatus
376 3797 486 3860 eques3
513 3780 690 3863 missaeque
717 3780 921 3845 subsidiariae
948 3780 1091 3844 cohortes
1113 3787 1145 3841 et

120 3864 305 3953 fugientium
331 3872 457 3957 agmine
487 3873 640 3960 impulsae
669 3883 822 3939 auxerant
851 3870 1142 3948 consternationem,

121 3961 384 4047 trudebanturque
401 3966 434 4030 in
454 3967 603 4053 paludem
620 3991 752 4055 gnaram
768 3965 981 4042 vincentibus,
1004 3965 1144 4048 iniquam

119 4056 244 4135 nesciis,
271 4058 306 4122 ni
329 4058 449 4126 Caesar
472 4063 641 4149 productas
668 4063 808 4149 legiones
830 4061 1043 4127 instruxisset:
1070 4060 1142 4126 inde

119 4146 258 4216 hostibus
277 4161 390 4232 terror,
414 4155 529 4223 fiducia
544 4157 650 4236 militi;
673 4167 705 4223 et
722 4154 867 4222 manibus
890 4156 998 4239 aequis
1017 4154 1143 4221 absces-

168 4267 243 4314 tacta
253 4271 295 4313 vot.
308 4269 324 4313 l.
952 4265 970 4323 3
