2960 4962
341 434 403 498 114
685 438 870 496 CORNELII
887 437 1016 496 TACITI

1254 538 1273 567 ι.
1283 539 1305 568 ιι.
1316 531 1370 570 775.

338 607 421 666 ariao
443 589 625 685 supremum
645 597 730 662 diem
751 595 902 681 explevit,
926 593 1047 660 Catone
1069 595 1224 660 avunculo
1245 598 1369 682 genita,

339 694 378 760 O.
398 693 504 760 Cassii
520 715 613 768 uxor,
635 689 683 754 M„
701 689 794 754 Bruti
811 711 908 754 soror.
936 697 1157 754 testamentum
1178 689 1246 753 eius
1263 691 1369 755 multo

338 787 424 872 apud
444 785 574 872 vulgum
595 804 719 851 rumore
741 783 814 860 fuit,
840 782 915 865 quia
935 781 968 846 in
989 781 1113 868 magnis
1134 781 1263 867 opibus,
1290 805 1369 848 cum

338 881 436 946 ferme
454 887 582 944 cunctos
599 899 744 963 proceres
762 898 834 940 cum
850 875 968 941 honore
986 875 1225 952 nominavisset,
1244 874 1369 942 Caesa-

337 997 404 1040 rem
421 973 540 1050 omisit3
561 973 647 1056 quod
668 970 799 1036 civiliter
820 979 983 1055 acceptum
1000 991 1102 1053 neque
1123 969 1283 1053 prohibuit
1298 992 1366 1054 quo

337 1068 442 1132 minus
459 1066 637 1134 laudatione
653 1087 710 1150 pro
727 1064 835 1128 rosh-ia
853 1064 1026 1147 ceterisque
1044 1062 1247 1127 sollemnibus
1264 1063 1364 1129 funus

338 1161 599 1226 cohonestaretur.
618 1158 729 1245 viginti
746 1157 988 1222 clarissimarum
1000 1156 1190 1220 familiarum
1207 1157 1363 1242 imagines

338 1254 491 1320 antelatae
510 1263 596 1332 sunt,
614 1253 741 1329 Manlii,
761 1250 902 1334 Quinctii
919 1251 1042 1333 aliaque
1060 1249 1200 1314 eiusdem
1218 1249 1362 1314 nobilita-

338 1349 377 1412 tis
395 1349 535 1415 nomina:
559 1347 616 1411 sed
635 1345 876 1431 praefulgebant
898 1343 1031 1410 Cassius
1053 1353 1147 1427 atque
1167 1341 1302 1420 Brutus,
1325 1365 1361 1406 eo

337 1443 407 1526 ipso
424 1442 510 1525 quod
527 1441 649 1526 effigies
667 1462 775 1506 eorum
792 1461 856 1504 non
872 1437 1061 1505 visebantur.

654 1681 871 1739 CORNELII
892 1680 1046 1737 TACITI

520 1823 1178 1920 ANNALIUM

586 2004 635 2054 AB
653 2003 824 2054 EXCESSU
843 2003 925 2052 DIVI
943 2001 1110 2057 AUGUSTI

663 2159 799 2214 LIBER
817 2157 1041 2224 QUARTUS.

754 2315 939 2356 airammum.

389 2399 457 2468 Cap.
471 2400 496 2452 1.
510 2397 641 2453 Tiberius
659 2399 757 2453 saevit.
785 2415 871 2453 cansa
888 2414 978 2468 penes
991 2396 1104 2452 Aelium
1118 2396 1265 2466 Seianum,
1285 2397 1364 2452 cuius

337 2476 481 2547 ingenium
494 2480 524 2530 et
532 2491 633 2529 mores.
655 2475 681 2528 2.
690 2475 716 2529 is
727 2475 947 2530 dominationem
956 2475 1076 2546 aspirat,
1091 2491 1147 2545 quc
1160 2480 1194 2528 ut
1204 2473 1363 2542 perveniat,

336 2553 444 2606 Romae
453 2551 484 2604 in
493 2557 588 2606 castra
599 2551 743 2621 praetoria
756 2551 872 2607 militem
887 2552 1027 2606 conducit
1048 2551 1074 2605 3.
1082 2551 1178 2605 Druso
1187 2549 1297 2604 Iiberii
1305 2549 1364 2604 filio

336 2627 486 2682 insidiatur
493 2644 546 2696 per
554 2643 671 2681 uxorem
680 2627 741 2681 eius
751 2633 849 2698 stupro
858 2629 1005 2698 pollutam.
1023 2625 1365 2682 45.DmsusGermanici

336 2713 434 2775 togam
447 2703 556 2758 virilem
571 2703 662 2756 sumit
685 2707 775 2758 status
788 2705 935 2774 publicus,
949 2721 1081 2760 numerus
1095 2704 1253 2774 legionum,
1268 2719 1365 2757 earum

336 2787 366 2836 et
374 2780 531 2836 cohortium
545 2786 575 2836 et
590 2779 724 2835 classium
733 2780 799 2835 loca
808 2789 996 2850 exponuntur.
1017 2783 1043 2836 6.
1053 2782 1143 2836 civilis
1157 2779 1364 2834 administrabo

337 2858 429 2930 qualis
442 2859 590 2913 hactenus.
613 2858 637 2911 7.
646 2858 671 2912 8.
686 2856 806 2912 Seianus
818 2860 977 2928 potentiam
990 2864 1078 2930 auget
1090 2858 1203 2912 sublato
1216 2873 1269 2926 per
1281 2872 1365 2910 vene·

336 2936 512 2990 numDruso.
530 2935 662 2990 Iibcrius
671 2934 794 2990 animum
803 2933 945 3004 obfirmat,
956 2942 1085 2990 senatum
1094 2933 1186 3004 erigit,
1197 2933 1280 3002 eique
1289 2931 1364 2988 filios

338 3011 500 3069 Germanici
514 3013 571 3067 duc
586 3013 766 3068 commendat
777 3017 811 3065 ut
818 3011 928 3082 imperii
941 3012 1069 3067 heredes.
1092 3012 1117 3065 9.
1127 3010 1212 3064 funus
1221 3009 1319 3063 Druso
1333 3007 1365 3060 il-

336 3091 434 3146 lustre.
448 3091 490 3146 10.
496 3090 619 3146 11.falsa
628 3091 663 3146 de
669 3090 764 3144 Druso
770 3089 1267 3159 abipsopatreimprudenternecato
1278 3085 1364 3140 fama

337 3168 379 3221 12.
388 3168 490 3238 populi
498 3167 580 3224 favor
592 3167 659 3222 filiis
671 3167 832 3223 Germanici
839 3167 949 3221 nonina
975 3165 1010 3218 iis
1020 3171 1050 3221 et
1057 3163 1233 3235 Agrippinae
1244 3163 1365 3218 Seianus

336 3245 455 3299 insidias
466 3245 556 3300 struit.

388 3321 429 3374 13.
440 3321 573 3375 Tiberius
583 3321 741 3391 legationes
755 3325 785 3374 et
796 3320 993 3375 accusationes
1008 3319 1152 3374 civimtum
1165 3323 1194 3372 et
1205 3316 1365 3386 provincia·

336 3412 398 3449 rum
408 3397 495 3449 audit
514 3396 555 3450 14
566 3398 601 3450 dc
612 3397 700 3466 asylis
709 3402 812 3451 actum.
835 3397 987 3452 histriones
999 3396 1085 3452 Italia
1092 3395 1177 3467 pulsi.
1195 3393 1237 3447 15.
1248 3395 1322 3449 alter
1332 3411 1366 3450 ex

335 3471 423 3524 Drusi
433 3469 530 3524 liberis
540 3472 614 3540 obit,
624 3472 692 3526 item
700 3472 829 3526 Lucilius
836 3473 970 3544 Longus,
980 3473 1116 3544 principis
1127 3471 1242 3527 amicus.
1262 3470 1365 3541 Capito

336 3548 494 3600 damnatus.
511 3547 553 3601 16.
562 3548 609 3602 lex
617 3548 677 3603 lata
687 3549 722 3602 dc
732 3547 845 3604 flamine
854 3550 941 3604 Diali.
958 3551 1126 3607 Vestalibus
1134 3548 1252 3603 habitus
1261 3547 1365 3602 honos.

387 3623 590 3680 17.Sollemnia
597 3629 666 3680 rota
673 3641 726 3694 pro
734 3625 871 3696 principe.
889 3627 1114 3684 iisinsertiNero
1124 3625 1279 3681 etDrusus.
1296 3623 1366 3678 hinc

337 3700 432 3758 odium
440 3699 561 3771 tiberii,
576 3719 661 3773 quem
675 3701 795 3758 Seianus
809 3703 942 3759 stimulat.
965 3705 1006 3759 18.
1020 3703 1068 3758 hic
1082 3699 1243 3759 Germanici
1256 3699 1364 3756 amicos

336 3778 510 3851 aggreditur.
528 3778 665 3834 labilius
676 3776 831 3835 damnatm.
849 3781 891 3836 20.
901 3797 972 3836 uxor
981 3781 1042 3836 eius
1053 3779 1135 3835 Sosia
1143 3779 1173 3832 in
1182 3777 1296 3833 exilium
1304 3777 1364 3847 pel-

336 3857 411 3912 litur.
430 3855 587 3927 M'.Lepidi
596 3857 760 3912 moderatio.
778 3857 1054 3913 21.Pisoaccusatus
1065 3856 1134 3911 obit
1153 3851 1364 3908 CassiusSeve·

335 3953 384 3988 rus
393 3935 423 3988 in
433 3952 529 3989 saxum
540 3933 698 4005 Seriphium
707 3934 857 4004 relegatur.
875 3934 918 3988 22.
927 3933 1057 3989 Plautius
1068 3931 1198 3986 Silvanus
1207 3929 1289 3999 perit

386 4009 505 4066 23-25.
515 4011 727 4067 Tacfarinatem
739 4011 818 4066 bella
826 4027 923 4064 rursus
931 4015 1092 4065 moventem
1100 4006 1256 4062 Dolabella
1269 4003 1363 4076 oppri-

335 4089 387 4142 mit
400 4093 430 4143 et
443 4089 545 4144 caedit
566 4090 609 4144 26.
623 4087 804 4159 triumphalia
816 4105 875 4142 non
887 4088 1028 4158 impetrat
1050 4086 1232 4140 Ptolemaeus
1244 4097 1363 4137 munera

337 4164 449 4235 accipit.
467 4166 510 4220 27.
529 4165 639 4220 servilis
648 4171 741 4220 motus
753 4165 861 4222 semina
867 4183 921 4237 per
930 4165 1042 4222 ltaliam
1052 4177 1199 4234 oppressa.
