2960 4962
426 437 634 498 ANNALIUM
652 439 726 495 LIB.
740 441 775 498 V.
793 442 880 498 3-5.
1098 433 1161 502 153

130 534 252 586 acuas.

129 602 233 667 audiri
252 601 317 664 iam
334 606 366 662 et
381 595 448 684 legi
462 619 560 664 novas
578 597 747 674 contiones,
765 620 847 663 nova
863 608 987 685 patrum
1005 603 1160 681 consulta3

129 696 206 780 quid
219 694 379 775 reliquum
391 691 453 755 nisi
465 699 501 755 ut
513 699 659 776 caperent
671 691 788 756 sermm
801 701 842 770 01,
860 714 992 777 quorum
1008 695 1160 782 imagines

127 811 186 874 pro
199 787 327 853 vexillis
342 785 441 850 secuti
454 785 565 861 forent,
584 784 680 849 ducas
693 785 958 870 imperatoresque
971 787 1161 874 deligerent?

127 883 228 969 igitur
246 879 368 945 Caesar
388 877 527 963 repetitis
550 877 717 942 adversum
733 889 880 964 nepotem
903 890 935 944 ct
955 902 1069 944 nurum
1089 904 1161 968 pro-
1179 905 1194 951 5

127 975 194 1040 bris
213 974 429 1057 increpitaque
450 993 508 1056 per
526 971 662 1036 edictum
678 970 784 1056 plebe,
808 984 937 1056 questus
955 975 1040 1059 apud
1056 985 1161 1059 patres

127 1069 217 1152 quod
243 1066 356 1130 fraude
381 1065 474 1129 unius
502 1066 652 1130 senatoris
678 1066 876 1152 imperatoria
901 1067 1048 1132 maiestas
1073 1068 1162 1134 elusa

127 1161 258 1246 publice
280 1160 376 1236 soret,
402 1159 526 1246 integra
547 1167 652 1224 tamen
678 1159 739 1224 sibi
761 1169 874 1224 cuncta
894 1160 1072 1247 postulavit.
1103 1185 1162 1228 nec

128 1255 213 1320 ultra
230 1253 439 1320 deliberatum
457 1275 521 1338 quo
542 1253 647 1318 minus
668 1276 733 1318 non
749 1254 877 1338 quidein
900 1265 1038 1320 extrema
1054 1257 1161 1322 decer-

128 1358 241 1416 nerent
259 1349 354 1420 —id
372 1348 454 1412 enim
472 1347 602 1412 vetitum
620 1386 662 1396 —
681 1348 738 1412 sed
758 1357 885 1433 paratos
903 1350 944 1414 ad
962 1349 1111 1416 ultionem
1128 1353 1161 1416 vi

128 1442 281 1528 principis
299 1441 444 1526 impediri
461 1451 659 1506 testarentur.
669 1439 803 1475 ******

455 1717 670 1777 CORNELII
688 1717 843 1776 TACITI

303 1859 993 1960 ANNALIUM

387 2043 436 2092 na
455 2021 625 2092 excussu
643 2041 725 2090 n1v1
744 2037 912 2092 Aucusrr

478 2167 614 2252 ninas
633 2195 820 2252 anxius,
936 2189 938 2196 ’

555 2354 738 2394 alrammus.

178 2439 286 2494 Manco
304 2437 371 2491 libri
388 2417 467 2491 initio
483 2435 664 2490 continentur
681 2441 827 2506 postrema
844 2435 1066 2492 0001181001οε
1091 2433 1159 2506 Cap.

132 2515 212 2571 1-4.
227 2517 330 2588 (vulgo
339 2515 376 2584 V,
386 2515 473 2587 6-9)
488 2514 613 2570 saevitur
628 2514 658 2568 in
672 2513 767 2570 Seiani
780 2515 926 2571 amicoset
939 2516 1054 2571 liberos.
1072 2515 1097 2570 5.
1109 2517 1158 2585 (V,

132 2593 172 2662 10)
184 2610 284 2647 rumor
301 2607 368 2646 acer
380 2591 470 2660 magis
485 2607 570 2662 quam
584 2591 732 2646 diuturnus
747 2592 782 2647 de
795 2591 897 2648 iuvene
911 2592 1048 2664 quodam,
1064 2592 1113 2663 qui
1128 2609 1158 2647 se

130 2669 267 2738 Drusum,
285 2667 447 2724 Germanici
455 2667 545 2722 filium
554 2666 674 2722 ferebat.
693 2668 717 2722 6.
733 2669 780 2738 (V,
792 2670 837 2738 11)
854 2669 997 2724 discordia
1011 2670 1159 2723 consulum

132 2746 314 2801 suffectorum
326 2745 360 2798 L.
373 2744 496 2799 Fulcinii
509 2744 638 2816 Trionis,
652 2745 684 2800 P.
699 2746 822 2800 Memmii
836 2747 947 2818 Reguli.
967 2748 991 2801 7.
1001 2747 1063 2817 (VI,
1074 2749 1101 2818 1)
1112 2747 1158 2801 Ti·

130 2823 198 2877 berii
211 2822 319 2877 foedae
333 2821 472 2876 libidines.
495 2823 520 2876 8.
531 2821 570 2894 (2)
580 2821 610 2876 in
624 2820 718 2878 Seiani
733 2828 762 2896 et
775 2823 875 2878 Liviae
889 2823 1053 2877 memoriam
1071 2823 1159 2878 saeri-

129 2903 182 2953 tnr.
199 2897 330 2973 Togonii
343 2897 534 2953 adulationem
547 2898 679 2968 princeps
694 2899 800 2967 irridet,
823 2900 848 2952 9.
859 2899 898 2970 (3)
915 2897 1055 2954 Gallionis
1070 2897 1159 2953 incre-

130 2981 179 3046 pat
187 2974 313 3047 etpunit.
322 2974 512 3030 Paconianus.
532 2977 573 3029 10.
584 2976 623 3047 (4)
629 2976 761 3032 Latiaris.
772 2975 918 3030 dissidium
924 2975 1071 3030 consulum
1077 2977 1160 3030 sedat

130 3053 278 3108 Maximus.
297 3053 339 3106 11.
348 3051 387 3124 (5)
403 3050 487 3106 Cotta
501 3052 673 3107 Messalinus
688 3057 848 3106 aecusatus.
866 3051 907 3104 12.
918 3049 957 3123 (6)
972 3049 1079 3104 Tiberii
1094 3067 1159 3104 eon·

130 3129 225 3199 fessio,
235 3135 422 3200 tyrannorum
433 3129 545 3184 occulta
552 3129 700 3200 supplicia.
715 3129 755 3182 13.
762 3128 801 3200 (1)
811 3126 1000 3195 Caecilianus,
1011 3124 1159 3196 Servaeus,

130 3207 268 3261 Thermus
279 3205 411 3260 damnati.
427 3206 584 3261 delationes
594 3205 720 3260 crebrae.
738 3204 780 3258 14.
791 3203 832 3258 15.
839 3203 874 3276 (8.
881 3203 909 3276 9)
919 3201 1116 3256 M.Terentius
1122 3203 1159 3258 ob

131 3282 223 3338 Seiani
238 3282 392 3338 amicitiam
406 3288 556 3360 accusatus
571 3282 686 3354 egregie
697 3288 725 3336 et
738 3281 827 3336 libere
838 3298 873 3357 se·
882 3278 1010 3335 defendit
1023 3283 1053 3333 et
1066 3278 1160 3333 absol-

130 3361 209 3416 vitur.
226 3359 360 3416 Vistilius
370 3376 401 3414 se
409 3359 551 3415 interimit.
569 3361 666 3430 plures
676 3359 828 3415 acervatim
837 3357 971 3414 accusati.
1142 3356 1146 3360 ’
1185 3382 1188 3394 ·

177 3439 220 3492 16.
230 3437 289 3509 (10)
299 3437 333 3491 L.
346 3436 460 3492 Pisonis
473 3436 618 3507 pontificis
631 3455 707 3492 mors
724 3443 754 3493 et
766 3437 860 3494 funus.
882 3437 924 3492 17.
934 3435 990 3509 (11)
999 3435 1158 3506 praefectu-

129 3513 262 3570 racurbis
272 3513 353 3584 origo
364 3519 572 3585 etprogrcssus.
591 3515 632 3568 18.
643 3515 698 3587 (12)
710 3514 744 3569 de
755 3513 902 3586 Sibyllinis
912 3513 1082 3570 carminibus
1093 3530 1159 3568 con-

130 3590 254 3646 sultatio.
277 3591 319 3644 19.
333 3590 390 3663 (13)
405 3591 506 3646 seditio
520 3591 627 3646 Romae
643 3592 680 3646 ob
699 3592 866 3664 gravitatem
883 3609 1012 3648 annonae
1027 3592 1158 3646 coercita·

129 3668 169 3722 20.
178 3667 236 3740 (14)
248 3667 484 3739 equitesRomani
495 3668 697 3723 coniurationis
708 3669 821 3723 crimine
832 3668 945 3722 cadunt

178 3746 221 3799 21.
231 3744 290 3817 (15)
301 3744 463 3800 Germanici
472 3744 547 3800 filiae
554 3747 589 3799 L.
600 3744 699 3800 Cassio
710 3745 786 3800 0111.
795 3744 908 3802 Vinicio
917 3746 1039 3798 locatae.
1054 3741 1096 3794 22.
1102 3741 1158 3812 (16)

129 3820 305 3876 feneratores
315 3822 449 3878 accusati.
467 3839 615 3893 repressae
628 3839 740 3878 usurae.
758 3822 800 3876 23.
811 3820 866 3893 (11)
876 3818 1049 3873 liberalitate
1057 3815 1159 3874 Caesa·

129 3899 167 3953 ris
180 3898 255 3954 fides
269 3898 387 3954 refecta.
409 3899 504 3954 2125.
516 3900 624 3973 (18.19)
637 3901 739 3954 iterum
754 3895 950 3952 accusationes
965 3891 1120 3948 maiestatis
1131 3897 1161 3945 et

130 3993 225 4030 omnes
237 3976 383 4031 societatis
394 3994 456 4031 cum
467 3977 570 4032 Seiano
580 3977 623 4032 rei
632 3975 733 4030 necati.
1123 3989 1129 4000 ‘

177 4053 220 4107 26.
231 4053 289 4126 (20)
304 4051 334 4107 G.
345 4051 451 4108 Caesar
464 4052 607 4108 Claudiam
623 4052 709 4106 ducit.
731 4047 839 4104 Tiberii
855 4044 1035 4116 praesagium
1050 4045 1084 4098 de
1100 4042 1160 4097 Ser.

130 4129 232 4185 Galba
250 4131 293 4184 27.
304 4130 361 4204 (21)
371 4149 418 4186 ars
430 4131 583 4186 Chaldaea.
602 4129 782 4199 Thrasyllus.
805 4125 847 4179 28.
858 4122 914 4196 (22)
925 4123 960 4177 (10
973 4121 1034 4176 sato
1049 4121 1158 4176 dubita-

130 4207 176 4264 tio.
193 4210 236 4264 29.
246 4210 304 4284 (23)
315 4210 430 4264 Asinius
441 4210 543 4266 Gallus
553 4208 622 4264 obit.
644 4223 721 4264 mors
730 4203 818 4260 Drusi
827 4201 994 4257 miseranda.
1011 4200 1054 4257 30.
1064 4199 1158 4275 (abin
