3020 4958
436 452 644 511 ANNALIUM
661 453 735 508 LIB.
749 452 828 511 XVI.
848 454 949 508 7-12.
1138 445 1199 510 321

170 562 195 600 1..
208 547 249 589 es.
259 547 292 588 a.

168 615 314 691 valebat,
333 613 433 678 donec
450 635 470 676 a
487 610 666 676 centurione
683 609 863 676 volneribus
882 611 1022 676 adversis
1041 622 1201 698 tamquam

170 712 208 774 in
224 731 333 794 pugna
351 706 484 770 caderet.
949 749 951 756 .

239 802 339 866 Haud
356 801 459 864 minus
472 809 614 884 prompte
623 797 768 864 L.Vetus
783 821 954 884 socrusque
968 799 1035 864 cius
1047 798 1157 866 Sextia
1170 811 1201 867 et
1222 821 1253 868 10

171 897 319 963 Pollucis
326 894 391 958 filia
398 915 507 958 necem
518 892 748 970 subiere,invisi
757 893 890 978 principi
899 904 1058 977 tamquam
1067 894 1202 960 vivendo

172 988 398 1076 exprobrarent
419 987 617 1052 interfectum
635 1007 705 1052 csse
722 986 903 1055 Rubellium
921 986 1083 1065 Plautum,
1106 1010 1202 1074 gene-

171 1081 482 1149 rumLueiiVeteris.
502 1082 558 1146 sed
566 1080 690 1146 initium
698 1082 892 1166 detegendae
902 1082 1049 1146 saevitiae
1057 1081 1201 1166 praebuit

172 1178 354 1244 interversis
363 1175 486 1261 patroni
498 1174 592 1241 rebus
606 1176 648 1238 ad
656 1175 868 1240 accusandum
882 1176 1113 1260 transgrediens
1122 1175 1201 1240 For-

174 1281 301 1337 tunatus
311 1271 450 1346 libertus,
469 1268 588 1334 adscito
599 1268 733 1334 Claudio
740 1268 909 1346 Domiano,
928 1292 1023 1353 quem
1032 1269 1072 1335 ob
1082 1270 1200 1356 flagitia

174 1368 314 1431 vinetum
333 1363 479 1429 aVetere
492 1362 593 1427 Asiae
609 1363 796 1448 proconsule
815 1362 949 1428 exsolvit
960 1362 1044 1428 Nero
1061 1363 1094 1428 in
1110 1385 1201 1448 prae-

174 1462 273 1525 mium
285 1458 508 1535 accusationis3
526 1458 611 1540 quod
629 1457 684 1522 ubi
698 1457 857 1542 cognitum
870 1481 933 1536 reo,
949 1480 1045 1542 seque
1064 1468 1095 1522 et
1107 1458 1201 1525 liber·

175 1567 242 1619 tum
251 1554 319 1640 pari
333 1561 416 1617 sorte
425 1552 579 1637 componi,
588 1550 774 1616 Formianos
788 1553 820 1615 in
833 1575 926 1638 agros
937 1553 1117 1638 digreditur.
1136 1553 1200 1617 illie

174 1673 248 1714 eum
260 1648 374 1712 milites
387 1646 510 1711 occulta
518 1645 661 1711 custodia
673 1645 875 1712 circumdant.
894 1647 1001 1712 ederat
1013 1647 1086 1725 filia,
1105 1670 1200 1733 super

174 1748 324 1831 ingruens
337 1741 510 1828 periculum
522 1741 617 1827 longo
631 1742 737 1807 dolore
751 1751 850 1819 atrox,
869 1764 909 1806 ex
922 1765 985 1826 quo
998 1765 1199 1828 percussores

173 1839 289 1914 Plauti,
307 1837 478 1912 maritimi,
497 1835 625 1912 viderat,
645 1845 867 1919 cruentamque
881 1836 1034 1900 cervicem
1048 1837 1116 1900 eius
1134 1857 1200 1901 am·
1284 1847 1289 1858 ’

172 1933 268 2018 plexa
281 1930 426 1996 servabat
435 1928 622 2015 sanguinem
630 1938 661 1993 et
669 1939 774 1994 vestes
787 1951 957 2014 respersas,
971 1929 1200 2012 vidua-inplexu

173 2028 262 2091 luctu
271 2025 417 2090 continuo
426 2045 486 2088 nec
494 2023 566 2088 ullis
576 2022 731 2088 alimentis
740 2022 801 2088 nisi
809 2044 889 2106 quae
904 2031 1036 2086 mortem
1049 2032 1198 2086 arcerent.

174 2131 242 2184 tum
256 2118 399 2184 hortante
412 2126 501 2203 patre
515 2117 679 2201 Neapolim
692 2118 804 2202 pergit,
823 2125 855 2180 et
872 2117 946 2200 quia
962 2116 1049 2180 aditu
1065 2114 1199 2180 Neronis

172 2212 406 2300 prohibebatur,
417 2233 563 2298 egressus
573 2210 730 2288 obsidens,
745 2209 866 2276 audiret
874 2211 1029 2275 insontem
1037 2232 1117 2274 neve
1127 2231 1200 2274 con-

174 2308 295 2372 sulatus
310 2307 359 2370 sui
368 2306 528 2389 quondam
540 2305 693 2391 collegam
703 2305 831 2370 dederet
843 2304 964 2382 liberto,
983 2305 1077 2369 modo
1091 2303 1200 2368 mulien

174 2403 222 2467 bri
237 2401 362 2477 eiulatu,
381 2399 549 2482 aliquando
564 2421 675 2464 sexum
690 2419 819 2483 egressa
832 2420 910 2463 voce
923 2397 1048 2462 infensa
1061 2397 1200 2462 clamita-

174 2496 238 2573 bat,
253 2496 352 2559 donec
361 2494 506 2579 princeps
520 2492 701 2558 inmobilem
715 2514 749 2556 se
762 2492 907 2581 precibus
921 2502 953 2556 et
964 2492 1100 2556 invidiae
1113 2491 1201 2556 iuxta

173 2589 320 2655 ostendit.
339 2609 414 2673 ergo
427 2587 548 2652 nuntiat
560 2587 642 2671 patri
655 2586 777 2652 abicere
795 2608 883 2671 spem
897 2597 928 2652 et
941 2587 987 2651 uti
1003 2585 1198 2652 necessitate.
1221 2606 1248 2650 11
1354 2580 1357 2586 ’

175 2682 270 2748 simul
283 2681 411 2746 affertur
423 2681 526 2766 parari
538 2681 749 2766 cognitionem
764 2690 890 2746 senatus
905 2691 936 2746 et
948 2691 1067 2746 trucem
1077 2689 1201 2745 senten-

174 2776 267 2854 tiam3
289 2797 347 2839 neo
364 2774 492 2839 defuere
509 2774 564 2858 qui
581 2783 745 2840 monerent
760 2797 876 2858 magna
893 2797 933 2838 ex
949 2785 1037 2858 parte
1054 2774 1201 2839 heredem

174 2871 348 2935 Caesarem
360 2890 539 2953 nuncupare
553 2877 647 2951 atque
661 2868 704 2931 ita
718 2867 884 2950 nepotibus
899 2868 938 2930 de
956 2868 1075 2948 reliquo
1089 2890 1202 2932 consu·

173 2966 250 3028 lere.
270 2962 354 3045 quod
370 2971 563 3048 aspernatus,
581 2983 621 3026 ne
635 2961 732 3025 vitam
749 2960 889 3046 proxime
907 2959 1082 3023 libertatem
1099 2969 1201 3024 actam

173 3056 348 3122 novissimo
362 3056 489 3121 servitio
502 3056 653 3132 foedaret,
671 3055 802 3140 largitur
815 3054 848 3118 in
862 3075 970 3118 servos
985 3061 1136 3135 quantum
1146 3054 1201 3114 ad-

175 3159 242 3216 crat
250 3151 401 3235 pecuniae
407 3175 416 3228 3
436 3159 466 3215 et
476 3151 503 3214 si
517 3172 580 3234 qua
589 3149 741 3236 asportari
749 3157 888 3233 possent,
909 3146 969 3212 sibi
976 3167 1134 3228 quemque
1147 3145 1202 3208 de-

175 3246 300 3321 ducere,
319 3245 374 3309 tris
389 3246 482 3310 modo
496 3244 627 3309 lectulos
643 3243 683 3309 ad
702 3265 847 3327 suprema
864 3241 989 3306 retineri
1007 3240 1103 3305 iubet.
1127 3248 1201 3303 tunc

176 3339 286 3402 eodem
300 3337 334 3401 in
346 3338 500 3414 cubiculo,
520 3338 630 3403 eodem
645 3337 727 3401 ferro
741 3336 929 3401 abscindunt
937 3355 1044 3410 venas,
1063 3334 1202 3419 properi-

175 3453 237 3514 que
247 3441 278 3495 et
291 3431 423 3516 singulis
434 3432 574 3497 vestibus
589 3431 630 3496 ed
638 3429 858 3495 verecundiam
871 3429 966 3494 velati
980 3428 1110 3494 balineis
1123 3427 1203 3492 infe-

175 3533 295 3600 runtur,
313 3535 402 3609 pater
415 3525 520 3601 filiam,
539 3524 610 3590 avia
626 3534 762 3610 neptem,
780 3524 834 3589 illa
851 3534 1001 3608 utrosque
1018 3524 1152 3598 intuens,
1172 3531 1203 3585 et

104 3647 110 3656 ’
175 3618 317 3684 certatim
330 3628 493 3703 precantes
506 3617 624 3684 labenti
638 3619 760 3682 animae
774 3619 907 3682 celerem
921 3620 1048 3692 exitum,
1067 3626 1102 3679 ut
1110 3615 1202 3678 relin-

175 3720 308 3794 querant
321 3734 395 3777 suos
410 3713 593 3797 superstites
608 3721 639 3778 et
652 3713 829 3777 morituros.
849 3712 1046 3792 servavitque
1060 3708 1202 3772 ordinem

175 3805 303 3868 fortuna
320 3827 357 3869 ac
375 3805 513 3870 seniores
526 3806 624 3890 prius,
642 3815 709 3868 tum
723 3806 773 3868 cui
786 3805 886 3887 prima
900 3813 996 3877 aetas,
1015 3802 1203 3885 extinguun-

175 3907 236 3960 tur.
255 3899 393 3962 accusati
410 3908 484 3983 post
501 3898 692 3983 sepulturam
710 3897 931 3979 decretumque
950 3906 984 3960 ut
1001 3917 1088 3959 more
1106 3892 1203 3956 maio-
1281 3935 1289 3948 -

175 4014 246 4056 rum
263 3992 461 4075 punirentur;
489 4003 520 4057 et
536 3992 621 4058 Nero
637 3991 829 4067 intercessit,
852 3999 984 4054 mortem
1003 3989 1070 4053 sine
1087 3986 1203 4052 arbitro

174 4085 373 4168 permittens:
392 4107 430 4150 ea
447 4085 595 4150 caedibus
612 4085 746 4170 peractis
768 4083 903 4148 ludibria
920 4081 1142 4148 adiciebantur.

240 4177 374 4244 Publius
386 4176 508 4256 Gallus,
523 4201 619 4263 eques
628 4179 800 4256 Romanus,
816 4175 1027 4260 quodFacnio
1037 4175 1203 4241 Rufointi-
1224 4195 1252 4238 re

232 4295 302 4338 Taciti
313 4296 353 4338 rol.
364 4295 380 4338 1.
992 4285 1029 4342 21
