3042 4956
405 467 933 526 Annumuunm.xu1.ao-as.
1119 457 1182 524 239
1264 451 1269 468 “

156 576 176 615 p.
185 564 225 604 cs.
236 563 270 602 so.

150 627 325 696 'ministeria
351 624 585 712 magistratibus
609 633 641 688 et
662 624 890 703 sacerdotibus,
918 627 1060 692 cohortes
1088 629 1181 694 etiam

153 727 182 789 in
199 724 280 789 urbe
299 722 508 806 conscriptam
532 728 562 782 et
579 718 721 802 plurimis
740 720 894 802 equiturn,
916 721 1073 806 plerisque
1092 745 1182 788 sena-

153 818 271 884 toribus
291 839 357 882 non
374 814 499 880 aliunde
517 813 669 898 originem
687 812 781 890 trahi3
806 813 832 877 si
856 826 1073 899 separarentur
1089 816 1182 882 liber-

148 913 221 990 tini,
244 910 447 976 manifestam
465 908 531 972 fore
553 907 716 992 penuriam
738 907 958 992 ingenuorum3
981 932 1045 973 non
1066 908 1183 975 frustra

151 1007 300 1082 maiores,
329 1027 401 1068 eum
423 1003 606 1088 dignitatem
629 1001 773 1065 ordinum
795 1002 981 1081 dividerent,
1007 1004 1182 1069 libertatem

150 1103 182 1166 in
200 1098 363 1165 communi
378 1099 539 1183 posuisse3
561 1097 637 1179 quin
655 1105 686 1160 et
702 1096 941 1161 manumittendi
962 1098 1041 1162 duas
1061 1099 1181 1184 speeies

150 1195 321 1270 institutas,
341 1202 375 1257 ut
391 1192 617 1275 relinqueretur
633 1190 841 1275 paenitentiae
859 1200 913 1255 aut
930 1214 1012 1256 novo
1030 1191 1181 1257 beneficio

151 1290 254 1354 loeus:
275 1309 353 1370 quos
372 1286 509 1350 vindicta
521 1294 671 1370 patronus
690 1306 754 1348 non
771 1283 957 1362 liberaverit,
978 1285 1062 1349 velut
1079 1286 1181 1350 vinclo

152 1382 313 1448 servitutis
332 1380 469 1444 attineri:
487 1379 654 1463 dispiceret
667 1377 800 1461 quisque
818 1379 928 1443 merita
941 1380 1090 1462 tardeque
1108 1401 1183 1446 con·

152 1478 278 1542 cederet
295 1475 380 1558 quod
397 1476 504 1539 datum
518 1496 582 1537 non
595 1472 791 1536 adimeretur.
814 1472 893 1537 haee
907 1475 1060 1538 sententia
1073 1474 1180 1551 valuit,

152 1569 340 1653 scripsitque
359 1566 480 1632 Caesar
497 1566 633 1643 senatui,
655 1566 801 1650 privatim
824 1566 1035 1651 expenderent
1053 1591 1180 1634 causam

151 1662 334 1728 libertorum
352 1663 497 1746 quotiens
519 1685 539 1725 a
559 1660 698 1746 patronis
721 1670 936 1747 arguerentur:
959 1662 992 1727 in
1015 1685 1180 1728 commune

151 1756 229 1820 nihil
252 1757 449 1842 derogarent.
477 1777 535 1819 neo
557 1753 657 1818 multo
674 1763 747 1838 post
768 1764 892 1840 ereptus
915 1756 1027 1823 amitae
1049 1756 1179 1822 libertus

151 1850 242 1915 Paris
262 1851 353 1933 quasi
374 1850 441 1914 iure
463 1850 559 1925 civili,
584 1871 648 1913 non
665 1849 733 1913 sine
754 1849 884 1914 infamia
905 1850 1067 1936 principis,
1092 1851 1180 1915 ouius

151 1945 242 2008 iussu
260 1953 470 2028 perpetratum
488 1943 688 2028 ingenuitatis
707 1943 857 2007 iudicium
875 1953 949 2007 erat.

216 2037 369 2102 Manebat
395 2037 491 2100 nihilo
517 2037 620 2102 minus
648 2037 802 2120 quaedam
829 2037 933 2122 imago
956 2036 1001 2101 rei
1021 2037 1179 2122 publicae:
1199 2059 1231 2106 ‘28

150 2155 227 2196 nam
243 2131 324 2194 inter
341 2130 515 2195 Vibullium
537 2139 711 2215 praetorem
734 2139 765 2193 et
787 2129 890 2213 plebei
912 2130 1071 2194 tribunum
1088 2129 1182 2194 Anti-

150 2226 249 2290 stium
267 2234 368 2288 ortum
384 2235 556 2302 certamen,
580 2224 665 2307 quod
682 2224 875 2288 inmodestos
897 2223 1035 2288 fautores
1057 2224 1182 2288 histrio-

150 2343 230 2382 num
249 2328 279 2382 et
297 2342 316 2382 a
332 2328 475 2403 praetore
493 2319 525 2381 in
544 2319 648 2382 vincla
666 2318 776 2382 ductos
791 2317 933 2382 tribunus
953 2317 1053 2382 omitti
1071 2318 1181 2383 iussis-

151 2423 214 2490 set3
234 2413 464 2497 conprobavere
481 2423 600 2498 patres,
623 2412 766 2476 incusata
782 2410 915 2477 Antistii
930 2411 1063 2477 lieentia.
1088 2411 1181 2477 simul

149 2507 300 2593 prohibiti
314 2505 428 2592 tribuni
441 2506 489 2569 ius
502 2516 680 2591 praetorum
699 2515 729 2570 et
742 2506 906 2572 consulum
923 2506 1107 2592 praeripere,
1127 2516 1181 2571 aut

150 2625 264 2668 vocare
287 2626 327 2666 ex
344 2603 436 2666 Italia
451 2624 529 2666 cum
552 2601 666 2684 quibus
688 2601 758 2687 lege
780 2602 833 2688 agi
854 2611 974 2688 posset3
1002 2603 1121 2666 addidit
1136 2603 1179 2667 L.

149 2697 243 2774 Piso,
267 2697 449 2782 designatus
468 2695 591 2773 consul,
614 2697 748 2780 nequid
769 2697 851 2762 iutra
868 2698 997 2762 domum
1018 2719 1075 2784 pro
1092 2705 1181 2783 pote-

151 2791 443 2871 stateadverterent,
454 2811 533 2853 neve
543 2789 672 2853 multam
682 2791 721 2854 ab
731 2791 769 2856 iis
779 2791 893 2855 dietam
903 2800 1084 2873 quaestores
1094 2812 1181 2855 aera-

149 2885 189 2948 rii
207 2885 241 2948 in
253 2884 394 2969 publicas
413 2883 535 2948 tabulas
549 2893 619 2948 ante
638 2893 784 2966 quattuor
796 2907 920 2949 menses
933 2885 1097 2962 referrent,
1116 2906 1181 2948 me-

150 2979 205 3042 dio
224 2979 371 3063 temporis
390 2987 497 3042 eontra
514 2979 617 3042 dicere
634 2978 755 3053 liceret,
779 2977 880 3060 deque
899 2999 936 3041 eo
955 2977 1099 3042 consules
1118 2986 1182 3042 sta·

150 3083 284 3138 tuerent.
312 3073 449 3138 cohibita
466 3073 562 3140 artius
581 3081 613 3136 et
630 3072 777 3137 aedilium
798 3081 938 3157 potestas
958 3080 1180 3152 statutumque,

150 3177 304 3251 quantum
327 3167 464 3244 emulos,
492 3176 643 3250 quantum
665 3165 769 3251 plebei
795 3165 935 3251 pignoris
962 3172 1108 3248 caperent
1130 3163 1181 3226 vel

151 3283 272 3346 poenae
294 3261 474 3346 irrogarent.
503 3274 533 3325 et
550 3260 720 3325 Helvidius
737 3258 881 3336 Priscus,
904 3257 1047 3323 tribunus
1068 3255 1180 3342 plebis,

152 3355 305 3420 adversus
325 3354 548 3420 Obultronium
567 3353 736 3431 Sabinum,
755 3353 865 3418 aerarii
883 3362 1089 3437 quaestorem,
1108 3372 1182 3416 eon-

152 3449 305 3513 tentiones
323 3450 464 3534 proprias
484 3448 634 3525 exercuit,
658 3458 817 3531 tamquam
835 3447 884 3512 ius
902 3448 1011 3512 hastae
1030 3446 1180 3511 adversus

151 3542 263 3626 inopes
285 3542 487 3607 inclementer
509 3551 651 3628 augeret;
674 3543 746 3608 dein
768 3542 913 3628 princeps
936 3564 1041 3606 euram
1060 3539 1182 3606 tabula

151 3659 222 3700 rum
239 3638 434 3721 publicarum
453 3661 472 3702 a
489 3636 707 3720 quaestoribus
726 3638 766 3701 ad
783 3636 957 3721 praefectos
976 3634 1141 3700 transtulit.

217 3729 313 3795 Varie
327 3730 480 3796 habitaae
499 3753 592 3815 saepe
606 3739 726 3796 mutata
743 3731 811 3796 cius
828 3730 874 3794 rei
892 3730 1006 3793 forma:
1025 3749 1098 3790 nam
1112 3723 1181 3788 Au·
1199 3743 1230 3791 29

152 3833 265 3910 gustus
280 3825 401 3889 senatui
415 3824 557 3910 permisit
570 3825 706 3910 deligere
723 3823 912 3907 praefectos3
931 3819 1044 3884 deinde
1062 3816 1181 3882 ambitu

152 3918 376 4006 suffragiorum
395 3930 555 4006 suspecto,
579 3929 660 3984 sorte
679 3917 872 3982 ducebantur
889 3937 929 3978 ex
945 3934 1075 3978 numero
1092 3931 1182 3996 prae-

152 4023 256 4078 torum
274 4015 329 4097 qui
346 4023 543 4100 praeessent3
561 4035 663 4096 neque
680 4012 713 4074 id
731 4009 784 4072 diu
802 4007 931 4083 mansit,
949 4005 1024 4088 quia
1042 4027 1109 4070 sors
1127 4004 1182 4068 de-

152 4106 277 4171 errabat
294 4108 335 4172 ad
352 4131 463 4193 parum
480 4109 626 4172 idoneos:
648 4115 722 4168 tune
741 4101 893 4166 Claudius
916 4107 1097 4184 quaestores
1114 4121 1182 4164 rur·

152 4223 225 4264 sum
241 4202 404 4288 imposuit,
426 4203 541 4287 iisque,
564 4221 604 4264 ne
622 4205 708 4264 metu
730 4195 938 4262 offensionum
962 4193 1089 4281 segnius
1107 4214 1181 4259 con·
