3020 4958
456 456 665 516 ANNALIUM
682 457 757 512 LIB.
772 457 837 513 XV.
857 459 880 512 1.
890 459 915 510 2.
1079 497 1082 504 .
1133 441 1197 508 285

171 567 190 606 p.
200 554 311 675 elidite
323 617 396 670 haec
410 619 476 670 sunt
489 612 571 668 annis
584 613 681 682 paullo
695 611 816 682 amplius
829 611 935 680 tribus,
953 607 983 664 C.
997 609 1127 665 Memmio
1142 609 1196 664 Re-

170 698 245 768 gulo,
254 693 395 764 Verginio
405 691 481 746 Rufo
488 707 496 760 ς
503 687 780 759 unaeaniosasso,
790 688 829 743 M.
834 687 946 744 Licinio
956 687 1075 756 Crasso:
1083 687 1116 742 Ρ,
1126 685 1195 740 Silio

169 775 263 830 Nerva
269 813 277 844 ,
288 771 320 828 O.
330 771 404 826 Iulio
413 768 510 824 Attico
520 767 640 826 Vestino
651 784 724 822 coss.

582 895 790 906 ᾖ*

228 975 358 1039 Interea
373 995 430 1038 rex
447 969 637 1036 Parthorum
655 969 831 1058 Vologeses
854 969 987 1056 cognitis
1007 967 1196 1034 Corbulonis
1218 985 1229 1031 1

166 1069 262 1136 rebus
279 1085 450 1154 regemque
472 1065 682 1151 alienigenam
700 1065 861 1150 Tigranen
877 1063 1048 1128 Armeniae
1070 1060 1199 1146 imposi-

167 1175 248 1239 tum,
282 1160 376 1226 simul
402 1160 498 1225 fratre
524 1159 665 1225 Tiridate
690 1159 783 1244 pulso
809 1167 948 1244 spretum
973 1156 1198 1222 Arsacidarum

167 1255 332 1344 fastigium
349 1255 395 1318 ire
412 1253 513 1318 ultum
530 1254 653 1332 volens,
677 1253 892 1339 magnitudine
913 1275 1038 1317 rursum
1055 1251 1200 1316 Romana

169 1360 199 1415 et
217 1349 359 1415 continui
376 1347 512 1414 foederis
534 1348 709 1414 reverentia
725 1348 865 1414 diversas
888 1347 929 1412 ad
947 1368 1037 1412 curas
1056 1343 1200 1410 traheba-

169 1457 232 1521 tur,
256 1450 421 1526 cunctator
440 1442 568 1528 ingenio
590 1451 622 1506 et
643 1441 817 1506 defectione
839 1441 1073 1528 Hyrcanorum,
1096 1439 1198 1526 gentis

169 1537 303 1614 validae,
321 1535 491 1620 multisque
509 1558 599 1601 exeo
614 1533 704 1602 bellis
722 1536 870 1624 illigatus.
893 1547 986 1621 atque
1000 1537 1087 1602 illum
1100 1533 1200 1600 ambi-

168 1655 272 1719 guum·
282 1653 383 1695 novus
396 1630 525 1715 insuper
537 1631 665 1695 nuntius
679 1631 884 1698 contumeliae
893 1631 1068 1696 extimulat:
1083 1630 1199 1715 quippe

169 1747 319 1812 egressus
336 1723 490 1788 Armenia
507 1724 661 1810 Tigranes
679 1724 876 1804 Adiabenos,
900 1726 1122 1791 conterminam
1144 1745 1200 1788 na-

169 1821 301 1896 tionem,
324 1817 419 1882 latius
437 1839 475 1883 ac
496 1818 614 1884 diutius
636 1838 731 1903 quam
751 1841 808 1905 per
829 1819 991 1884 latrocinia
1011 1826 1198 1892 vastaverat,

169 1914 266 1998 idque
282 1911 436 1998 primores
457 1913 600 1999 gentium
618 1934 712 2000 aegre
731 1912 917 1989 tolerabant,
939 1935 978 1978 eo
996 1909 1200 1994 contemptio-

169 2008 218 2074 nis
237 2007 426 2076 descensum
445 2017 480 2072 ut
497 2029 536 2074 ne
555 2007 634 2072 duce
652 2007 780 2091 quidem
797 2006 941 2074 Romano
958 2007 1199 2078 incursarentur,

170 2102 228 2168 sed
246 2101 420 2166 temeritate
434 2099 553 2166 obsidis
571 2110 617 2166 tot
632 2123 690 2187 per
706 2123 806 2166 annos
824 2100 904 2165 inter
921 2097 1075 2183 mancipia
1092 2095 1199 2160 habiti.

169 2194 363 2260 accendebat
376 2194 515 2259 dolorem
529 2217 636 2260 eorum
650 2194 860 2271 Monobazus,
879 2215 973 2277 quem
991 2213 1088 2277 penes
1101 2188 1201 2253 Adia-

170 2289 290 2354 benum
311 2288 466 2374 regimen,
489 2287 574 2372 quod
594 2289 786 2376 praesidium
808 2298 863 2353 ant
879 2287 962 2352 unde
983 2294 1103 2372 peteret
1119 2282 1202 2368 rogi-

170 2394 252 2448 tans.
280 2383 344 2446 iam
362 2383 401 2446 de
418 2382 572 2447 Armenia
589 2406 788 2461 concessum,
811 2382 955 2468 proxima
976 2379 1070 2458 trahi:
1094 2387 1125 2444 et
1141 2377 1202 2441 nisi

170 2477 348 2560 defendant
360 2476 484 2555 Parthi,
506 2478 607 2543 levius
626 2479 786 2544 servitium
808 2478 893 2565 apud
909 2477 1071 2544 Romanos
1089 2472 1202 2540 deditis

171 2593 269 2656 quam
292 2571 392 2657 captis
415 2594 495 2638 esse.
526 2572 683 2639 Tiridates
710 2595 835 2660 quoque
860 2572 950 2660 regni
971 2571 1124 2659 profugus
1146 2590 1204 2655 per

172 2665 333 2730 silentium
346 2675 401 2730 aut
412 2666 706 2751 modicequerendo
715 2669 841 2755 gravior
853 2679 933 2734 erat:
946 2666 1102 2734 nonenim
1114 2664 1203 2752 igna-

172 2759 226 2824 via
241 2781 359 2846 magna
371 2759 502 2845 imperia
514 2761 665 2829 contineri
670 2787 680 2841 3
697 2763 835 2829 virorum
853 2781 1072 2844 armorumque
1085 2757 1204 2822 facien·
1324 2764 1326 2768 ’

172 2855 250 2918 dnm
272 2862 443 2932 certamem
465 2855 499 2920 id
518 2856 552 2920 in
575 2879 698 2922 summa
720 2858 846 2922 fortuna
867 2856 998 2938 aequius
1020 2853 1105 2937 quod
1126 2852 1204 2916 vali-

172 2948 260 3026 dius;
288 2957 319 3012 et
341 2972 399 3014 sua
419 2950 551 3016 retinere
572 2951 713 3036 privatae
738 2951 865 3040 domus,
892 2948 931 3014 de
954 2947 1063 3012 alienis
1085 2957 1204 3012 certare

173 3041 296 3128 regiam
313 3042 439 3107 laudem
457 3066 537 3110 esse.

234 3135 338 3222 Igitur
346 3148 520 3204 commotus
529 3139 579 3206 his
589 3138 766 3226 Vologeses
776 3138 940 3205 concilium
954 3144 1046 3201 vocat
1057 3143 1087 3199 et
1100 3133 1204 3219 proxi·
1223 3153 1238 3198 a

175 3253 264 3294 mum
282 3230 343 3296 sibi
351 3232 514 3298 Tiridaten
532 3234 694 3309 constituit
711 3244 805 3317 atque
817 3233 862 3297 ita
875 3231 1007 3300 orditur:
1027 3227 1131 3310 „hunc
1145 3251 1205 3314 ego

175 3325 288 3390 eodem
302 3348 425 3391 mecum
433 3337 522 3413 patre
535 3329 686 3415 genitum,
701 3351 774 3394 oum
788 3329 864 3394 mihi
873 3351 930 3414 per
938 3335 1072 3394 aetatem
1082 3343 1205 3391 summo

175 3420 303 3484 nomine
316 3423 533 3501 concessisset,
547 3424 581 3488 in
593 3424 1001 3510 possessionemArmeniae
1015 3422 1141 3501 deduxi,
1152 3422 1206 3507 qui

175 3514 287 3579 tertius
306 3517 462 3600 potentiae
475 3519 593 3604 gradus
607 3519 754 3586 habetur:
772 3544 846 3588 nam
854 3519 969 3586 Medos
978 3517 1119 3584 Pacorus
1134 3527 1206 3582 ante

176 3619 317 3693 ceperat3
335 3608 527 3696 videbarque
545 3622 654 3678 contra
675 3614 782 3681 vetera
803 3615 937 3680 fratrum
959 3613 1032 3677 odia
1054 3622 1086 3676 et
1108 3620 1207 3674 eorta-

176 3703 263 3768 mina
280 3703 418 3770 familiae
435 3717 560 3772 nostrae
577 3719 707 3794 penates
720 3710 779 3775 rite
793 3708 1022 3794 composuisse:
1040 3705 1207 3790 prohibent

176 3795 314 3862 Romani
327 3808 358 3863 et
370 3821 482 3884 pacem
494 3825 666 3887 numquam
679 3805 756 3890 ipsis
770 3824 919 3889 prospere
932 3800 1111 3864 lacessitam
1123 3819 1207 3861 nunc

177 3912 303 3975 quoque
329 3894 363 3958 in
388 3896 518 3961 exitium
545 3921 637 3964 suum
668 3899 867 3984 abrumpunt.
907 3917 970 3959 non
997 3893 1050 3958 ibo
1076 3893 1206 3957 infitias:

177 3988 335 4071 aequitate
352 4011 449 4073 quam
462 3994 625 4078 sanguine,
645 4017 741 4060 causa
753 4015 849 4076 quam
863 3989 959 4056 armis
972 3986 1105 4052 retinere
1118 4000 1208 4074 parta

94 4123 98 4130 -
176 4082 349 4148 maioribus
373 4085 559 4167 malueram
586 4089 614 4154 si
636 4088 832 4154 cunctatione
850 4083 981 4168 deliqui,
1003 4082 1117 4148 virtute
1139 4105 1208 4151 cor-

177 4178 294 4264 rigam:
318 4190 423 4246 vestra
440 4183 568 4266 quidem
586 4184 634 4250 vis
652 4193 684 4250 et
700 4183 801 4272 gloria
817 4183 849 4248 in
870 4181 994 4266 integro
1012 4187 1074 4258 est,
1102 4179 1208 4246 addita
