2958 4960
322 447 364 512 32
674 453 857 513 CORNELII
871 453 1002 510 TACITI

1243 556 1264 588 a.
1275 559 1298 588 a.
1311 550 1368 590 768.

322 638 410 694 uxor,
430 614 590 681 subiectus
609 613 735 696 servitio
752 613 859 678 uxoris
874 621 981 678 uterus
1000 613 1186 679 vaecordem
1204 616 1367 702 agebant,

322 708 535 792 volitabatque
556 729 613 793 per
631 705 824 786 Cheruscos,
849 729 936 771 arma
957 707 991 772 in
1009 703 1190 794 Segestem,
1214 733 1307 776 arma
1327 711 1368 776 in

324 802 494 870 Caesarem
515 824 648 887 poscens
655 825 664 880 ;
688 823 789 885 neque
811 799 933 885 probris
956 800 1163 886 temperabat:
1186 805 1365 890 egregium

322 907 454 986 patrem,
472 918 622 983 maguum
638 895 866 979 imperatorem,
885 894 999 959 fortem
1017 895 1197 974 exercitum,
1216 919 1365 981 quorum

323 1003 369 1058 tot
386 1014 497 1058 manus
511 1012 605 1056 uuam
618 988 831 1054 mulierculam
846 989 1021 1066 avexeriut3
1040 989 1100 1056 sibi
1117 997 1179 1054 tres
1197 989 1361 1076 legiones,
1476 1039 1477 1042 ,

323 1087 452 1152 totidem
473 1085 595 1171 legatos
618 1083 838 1169 procubuisse;
860 1104 923 1147 non
946 1083 1082 1148 enimse
1102 1083 1282 1168 proditione
1300 1107 1369 1151 ne·

323 1203 385 1265 que
407 1179 558 1244 adversus
580 1176 713 1242 feminas
735 1177 896 1263 gravidas,
923 1177 979 1242 sed
1000 1177 1105 1262 palam
1127 1177 1281 1243 adversus
1306 1202 1365 1244 ar·

323 1283 424 1338 matos
441 1271 558 1337 bellum
577 1280 708 1336 tractare
714 1296 722 1348 ;
746 1271 830 1336 cerni
851 1271 955 1335 adhuc
974 1268 1204 1336 Germanorum
1220 1271 1256 1336 in
1272 1271 1362 1339 lucis

324 1368 416 1454 signa
437 1365 583 1430 Romana
604 1386 684 1448 quae
707 1365 755 1428 dis
781 1365 890 1449 patriis
917 1365 1123 1450 suspenderit.
1155 1365 1272 1430 coleret
1297 1364 1363 1432 Se-

324 1469 430 1548 gestes
443 1459 559 1523 victam
570 1459 680 1543 ripam,
697 1459 842 1522 redderet
854 1458 919 1523 filio
938 1458 1155 1536 sacerdotium,
1174 1459 1360 1525 dominum:

325 1551 500 1619 Germanos
522 1571 694 1634 numquam
717 1551 793 1616 satis
816 1553 1019 1616 excusaturos
1038 1553 1123 1636 quod
1144 1551 1224 1616 inter
1241 1549 1361 1618 Albim

324 1657 356 1712 et
372 1647 519 1711 Rhenum
536 1645 641 1731 virgas
659 1654 691 1709 et
708 1666 833 1709 secures
851 1653 883 1709 et
900 1654 1006 1732 togam
1022 1646 1164 1710 viderint.
1187 1645 1257 1711 aliis
1275 1669 1361 1732 gen-

325 1742 407 1809 tibus
425 1740 601 1828 ignorantia
617 1739 739 1825 imperii
755 1739 891 1805 Romani
912 1741 1073 1825 inexperta
1095 1762 1165 1805 esse
1187 1741 1357 1826 supplicia,

324 1836 430 1902 nescia
447 1835 577 1914 tributa3
600 1856 681 1918 quae
704 1835 852 1918 quoniam
874 1835 1018 1900 exuerint
1037 1835 1211 1919 inritusque
1233 1836 1359 1901 disces-

326 1931 401 1997 serit
416 1929 469 1994 ille
486 1930 567 1994 iuter
583 1929 711 1994 numina
728 1929 851 1993 dicatus
868 1927 1121 2015 Augustus‚·ille
1139 1928 1278 1994 delectus
1298 1928 1359 1993 Ti-

325 2025 445 2102 berius,
464 2046 504 2088 ne
521 2023 689 2110 inperitum
708 2022 986 2100 adulescentulum,
1005 2043 1045 2086 ne
1064 2021 1246 2087 seditiosum
1265 2045 1359 2088 exer-

326 2120 422 2184 citum
439 2126 653 2203 pavescerent.
677 2117 704 2181 si
721 2117 870 2201 patriam,
890 2125 1051 2201 parentes,
1075 2115 1202 2198 antiqua
1222 2115 1358 2181 mallent

326 2235 422 2296 quam
435 2211 578 2276 dominos
593 2220 622 2275 et
636 2210 774 2275 colonias
792 2232 900 2286 novas,
919 2207 1099 2274 Arminium
1111 2209 1215 2294 potius
1233 2209 1358 2294 gloriae

327 2327 364 2370 ac
385 2304 536 2369 libertatis
559 2326 653 2388 quam
673 2301 840 2388 Segestem
861 2303 1034 2389 flagitiosae
1058 2302 1215 2368 servitutis
1239 2303 1358 2368 ducem

327 2406 538 2481 sequerentur.

278 2513 309 2562 60
392 2489 516 2555 Conciti
534 2512 590 2575 per
607 2491 685 2555 haec
703 2512 767 2554 non
784 2491 878 2556 modo
898 2488 1052 2556 Cherusci
1070 2491 1127 2555 sed
1145 2491 1357 2556 conterminae

327 2594 446 2673 gentes,
466 2593 645 2668 tractusque
658 2585 690 2648 iu
703 2585 801 2670 partis
815 2585 1044 2671 Inguiomerus,
1063 2583 1199 2649 Arminii
1211 2595 1356 2672 patruus,

326 2679 425 2745 veteri
441 2679 526 2764 apud
538 2679 699 2744 Romanos
714 2679 909 2758 auctoritate3
927 2680 1011 2744 unde
1028 2678 1128 2743 maior
1142 2677 1271 2744 Caesari
1288 2701 1359 2744 me·

327 2784 393 2851 tus3
411 2782 443 2838 et
460 2794 500 2837 ne
513 2771 630 2839 bellum
644 2773 726 2838 mole
745 2795 808 2837 uua
820 2773 988 2859 ingrueret,
1009 2771 1178 2838 Caecinam
1192 2795 1264 2838 cum
1277 2794 1357 2856 qua-

328 2867 472 2953 draginta
484 2865 663 2932 cohortibus
677 2867 829 2932 Romanis
844 2867 1044 2932 distrahendo
1058 2867 1142 2932 hosti
1154 2889 1211 2952 per
1223 2867 1358 2932 Bructe-

327 2984 379 3028 ros
403 2961 443 3026 ad
463 2961 582 3026 flumen
597 2958 756 3026 Amisiam
777 2961 885 3038 mittit,
909 2961 1045 3045 equitem
1066 2959 1154 3024 Pedo
1176 2959 1356 3045 praefectus

328 3055 443 3122 finibus
465 3055 639 3121 Frisiorum
662 3055 762 3120 ducit:
788 3055 856 3140 ipse
878 3054 1030 3140 inpositas
1052 3053 1186 3120 navibus
1208 3063 1358 3138 quattuor

327 3151 468 3238 legiones
490 3172 548 3236 per
563 3150 651 3216 lacus
674 3149 774 3227 vexit3
798 3148 953 3233 simulque
974 3149 1086 3234 pedes,
1110 3170 1220 3232 eques,
1243 3148 1356 3214 elassis

329 3246 413 3330 apud
430 3245 624 3330 praedictum
647 3267 771 3309 amnem
789 3265 971 3309 convenere.
1001 3241 1123 3308 Chauci
1145 3265 1217 3308 cum
1238 3242 1358 3308 auxilia

328 3339 560 3423 pollicerentur,
583 3339 617 3402 in
634 3337 849 3403 commilitium
871 3338 983 3404 adsciti
1001 3346 1083 3403 sunt.
1104 3337 1279 3402 'Bructeros
1298 3359 1357 3402 sua

329 3431 446 3494 urentis
471 3430 709 3514 expeditarum
730 3454 826 3496 manu
848 3432 889 3498 L.
910 3430 1078 3498 Stertinius
1099 3432 1201 3497 missu
1224 3429 1358 3497 Germa-

329 3523 392 3588 nici
413 3521 509 3601 fudit3
532 3523 674 3608 interque
697 3526 825 3590 caedem
848 3536 879 3591 et
898 3527 1048 3612 praedam
1069 3525 1205 3611 repperit
1226 3525 1359 3590 undevi-

330 3616 465 3683 cesimae
482 3616 616 3704 legionis
635 3618 772 3700 aquilam
790 3641 862 3684 cum
879 3619 965 3686 Varo
984 3620 1142 3686 amissam.

393 3713 536 3779 Ductum
557 3712 631 3778 inde
652 3735 767 3799 agmen
789 3715 829 3778 ad
851 3714 977 3779 ultimos
999 3713 1235 3790 Bructerorum,
1259 3733 1359 3796 quan·

331 3819 459 3893 tumque
477 3807 634 3874 Amisiam
651 3817 683 3872 et
694 3807 834 3892 Lupiam
852 3831 960 3873 amnes
978 3808 1068 3886 inter,
1087 3815 1254 3883 vastatum,
1272 3805 1360 3870 haud

331 3902 440 3987 procul
457 3901 723 3990 Teutoburgiensi
741 3901 836 3979 saltu,
858 3902 892 3965 in
913 3923 977 3985 quo
993 3901 1143 3984 reliquiae
1160 3898 1239 3966 Vari
1260 3899 1359 3985 legio-

282 4016 311 4065 61
331 4018 469 4080 numque
485 3997 659 4083 insepultae
673 3996 864 4063 dicebantur.
881 3996 977 4083 igitur
994 3996 1109 4081 cupido
1123 3992 1294 4059 Caesarem
1311 3992 1360 4056 in-

331 4089 418 4154 vadit
435 4090 577 4156 solvendi
595 4114 741 4177 suprema
754 4089 904 4156 militibus
919 4087 1064 4173 ducique,
1082 4095 1224 4174 permoto
1242 4087 1283 4152 ad
1301 4087 1359 4151 mi·

332 4182 518 4248 serationem
531 4186 616 4250 omni
625 4186 679 4269 qui
691 4185 798 4250 aderat
811 4184 950 4250 exercitu
958 4183 998 4251 ob
1011 4183 1213 4270 propinquos,
1229 4179 1357 4260 amicos,
