3042 4956
411 481 619 542 nautarum
636 482 710 538 ma.
725 483 807 538 xm.
824 485 945 541 39-41.
1124 471 1189 540 245

159 576 276 630 scara

158 654 280 722 rentur,
313 641 373 707 sub
400 642 498 706 ictum
525 639 692 706 dabantur:
719 641 828 726 procul
854 653 886 706 et
910 641 1072 708 latioribus
1098 643 1188 710 vadis

159 739 321 804 transiere.

222 832 271 897 At
289 830 446 894 Tiridates
468 828 588 914 pudore
606 837 638 893 et
653 839 754 906 metu,
777 851 817 894 ne
835 829 865 895 si·
880 830 1088 895 concessisset
1105 829 1190 896 obsi·
1206 852 1240 900 40

160 928 258 1004 dioni,
278 925 357 989 nihil
374 924 443 1009 opis
461 923 581 1009 inipso
598 923 769 1001 videretur,
789 923 816 988 si
832 924 1023 1008 prohiberet,
1042 925 1189 1009 inpeditis

160 1023 236 1088 loeis
256 1041 354 1103 seque
376 1027 407 1083 et
425 1027 586 1101 equestres
604 1017 709 1103 copias
731 1016 878 1103 illigaret,
902 1018 1010 1082 statuit
1030 1027 1189 1103 postremo

160 1115 327 1181 ostendere
345 1113 444 1178 aciem
462 1120 493 1176 et
511 1112 584 1176 dato
602 1111 653 1175 die
669 1111 822 1196 proelium
839 1111 976 1196 incipere
994 1113 1044 1176 vel
1063 1111 1191 1177 simula-

160 1211 244 1276 tione
262 1209 359 1294 fugae
371 1207 475 1271 locum
488 1205 594 1270 fraudi
606 1227 729 1290 parare;
748 1205 843 1291 igitur
855 1216 982 1290 repente
996 1228 1111 1291 agmen
1124 1205 1189 1270 Ro-

160 1327 290 1368 manum
304 1300 534 1377 circumfundit,
553 1321 616 1364 non
629 1298 738 1384 ignaro
751 1300 830 1364 duce
844 1309 960 1377 nostro,
979 1300 1034 1383 qui
1047 1300 1115 1364 viae
1133 1322 1189 1384 pa-

159 1399 234 1462 riter
247 1406 279 1460 et
292 1417 418 1481 pugnae
432 1402 650 1479 composuerat
663 1393 847 1458 exercitum:
865 1393 961 1458 latere
975 1394 1085 1458 dextro
1099 1392 1189 1458 tertia

160 1492 259 1577 legio,
284 1491 408 1554 sinistro
432 1499 521 1553 sexta
542 1487 720 1566 incedebat,
747 1489 857 1554 mediis
881 1489 1113 1554 decimanorum
1130 1490 1190 1554 de·

161 1586 250 1650 lectis
256 1609 266 1662 ;
283 1593 409 1668 recepta
425 1583 506 1646 inter
524 1583 647 1647 ordines
665 1582 896 1668 impedimenta,
916 1593 946 1648 et
964 1593 1087 1670 tergum
1105 1583 1189 1648 mille

162 1679 283 1763 equites
307 1677 487 1754 tuebantur,
510 1676 625 1760 quibus
642 1676 776 1741 iusserat
798 1687 833 1741 ut
854 1677 1041 1743 instantibus
1060 1677 1190 1743 commi-

160 1795 220 1838 nus
237 1772 432 1848 resisterent,
455 1772 584 1858 refugos
602 1793 665 1835 non
683 1781 900 1855 sequerentur3
922 1773 954 1836 in
972 1773 1116 1838 cornibus
1135 1794 1190 1858 pe·

160 1868 216 1931 des
236 1864 417 1951 sagittarius
436 1873 467 1928 et
484 1875 587 1929 cetera
604 1887 715 1928 manus
734 1865 873 1949 equitum
891 1865 970 1942 ibat,
992 1866 1190 1951 productiore

161 1957 258 2026 cornu
284 1959 410 2024 sinistro
436 1979 493 2043 per
518 1959 582 2023 ima
607 1959 746 2036 collium,
773 1969 809 2022 ut
831 1959 858 2022 si
879 1958 978 2023 hostis
1001 1959 1189 2035 intravisset,

160 2055 263 2119 fronte
281 2053 375 2118 simul
393 2061 425 2116 et
442 2053 514 2117 sinu
531 2053 733 2136 exciperetur.
761 2051 919 2116 adsultare
937 2074 976 2116 ex
995 2051 1118 2115 diverso
1135 2050 1191 2114 Ti-

159 2148 292 2224 ridates,
315 2169 379 2211 aon
396 2167 496 2230 usque
514 2146 555 2211 ad
571 2145 668 2210 ictum
686 2146 752 2222 teli,
777 2145 833 2210 sed
851 2155 918 2209 tum
939 2143 1099 2220 minitans,
1123 2152 1191 2207 tum

161 2243 265 2328 specie
283 2241 481 2325 trepidantis,
501 2241 528 2304 si
544 2240 650 2304 laxare
669 2239 792 2303 ordines
811 2248 842 2303 et
860 2239 1000 2304 diversos
1019 2237 1191 2302 consectari

160 2345 276 2421 posset.
307 2335 364 2400 ubi
385 2335 462 2398 nihil
483 2334 656 2398 temeritate
679 2334 830 2411 solutum,
856 2355 915 2398 nec
937 2332 1071 2417 amplius
1094 2352 1191 2415 quam

161 2430 286 2495 decurio
305 2429 446 2512 equitum
464 2429 629 2494 audentius
652 2449 838 2514 progressus
857 2436 888 2492 et
906 2426 1027 2512 sagittis
1046 2424 1188 2490 confixus

161 2533 281 2588 ceteros
299 2525 341 2587 ad
358 2523 544 2606 obsequium
562 2521 706 2607 exemplo
719 2522 905 2600 firmaverat,
924 2520 1106 2608 propinquis
1125 2520 1188 2583 iam

160 2617 297 2682 tenebris
316 2617 478 2683 abscessit.
506 2626 537 2682 et
556 2615 695 2682 Corbulo
717 2627 820 2682 castra
836 2617 868 2681 in
885 2617 955 2682 loco
977 2624 1125 2691 metatus,
1149 2637 1189 2678 an
1207 2635 1239 2681 41

161 2711 316 2797 expeditis
342 2710 517 2797 legionibus
544 2719 636 2775 nocte
657 2709 812 2775 Artaxata
837 2718 981 2796 pergeret
1005 2709 1190 2791 obsidioque

161 2806 368 2869 circumdaret
381 2805 520 2891 agitavit,
535 2805 730 2870 concessisse
738 2805 813 2868 illuc
822 2806 983 2870 Tiridaten
1001 2813 1101 2879 ratus3
1116 2802 1190 2865 dein

160 2909 328 2984 postquam
352 2900 564 2984 exploratores
592 2898 723 2962 attulere
744 2899 951 2983 longinquum
972 2895 1056 2980 regis
1078 2896 1137 2958 iter
1159 2905 1191 2958 et

163 2993 252 3058 Medi
278 3017 319 3058 an
344 2993 463 3057 Albani
487 3002 668 3078 peterentur
692 2993 861 3067 incertum,
892 2990 994 3053 lucem
1020 2988 1190 3071 opperitur,

159 3088 397 3173 praemissaque
414 3086 493 3152 levis
511 3097 677 3163 armatura,
696 3107 777 3168 quae
794 3106 901 3148 muros
918 3080 1041 3146 interim
1059 3078 1192 3144 ambiret

161 3182 490 3266 oppugnationemque
512 3182 634 3246 eminus
656 3180 816 3264 inciperet.
846 3178 902 3242 sed
924 3173 1072 3261 oppidani
1093 3173 1191 3258 portis

163 3287 275 3360 sponte
292 3275 458 3360 patefactis
477 3297 511 3340 se
530 3295 649 3357 suaque
667 3273 819 3338 Romanis
836 3270 1019 3357 permisere,
1038 3267 1124 3350 quod
1142 3289 1193 3330 sa-

162 3368 261 3432 lutem
283 3370 360 3454 ipsis
384 3369 467 3432 tulit:
495 3368 658 3432 Artaxatis
680 3367 764 3452 ignis
786 3367 950 3442 inmissus,
974 3361 1138 3445 deletaque
1161 3370 1192 3424 et

163 3462 230 3528 solo
253 3473 388 3546 aequata
410 3472 497 3540 sunt,
525 3462 600 3544 quia
619 3483 678 3526 nec
700 3462 798 3526 teneri
821 3462 887 3526 sine
909 3460 1013 3525 valido
1035 3456 1191 3544 praesidio

163 3556 203 3622 ob
218 3558 469 3643 magnitudinem
482 3558 650 3634 moenium,
669 3579 728 3621 nec
745 3558 778 3621 id
790 3557 881 3622 nobis
895 3556 1093 3620 virium.erat
1106 3551 1190 3635 quod

162 3651 317 3717 firmando
334 3653 492 3738 praesidio
510 3662 542 3718 et
559 3653 752 3736 capessendo
770 3651 853 3717 bello
871 3651 1075 3724 divideretur,
1094 3644 1145 3708 vel
1163 3645 1191 3707 si

162 3746 287 3832 integra
309 3759 340 3811 et
361 3748 552 3812 incustodita
572 3747 833 3830 relinquerentur,
856 3745 942 3808 nulla
963 3743 996 3805 in
1014 3763 1052 3804 eo
1074 3736 1192 3801 utilitas

162 3852 217 3903 aut
235 3841 337 3926 gloria
353 3842 439 3924 quod
452 3851 545 3926 capta
556 3851 671 3906 essent.
694 3840 827 3904 adicitur
840 3835 1023 3900 miraculum
1036 3831 1122 3894 velut
1134 3849 1193 3891 nu-

162 3934 247 3998 mine
265 3935 420 3999 oblatum:
438 3959 513 3999 nam
530 3944 643 3999 cuncta
659 3943 761 4008 extr-a,
783 3941 865 3993 tecto
882 3929 1032 3991 hactenus
1051 3921 1127 3996 sole,
1144 3943 1194 3984 re·

162 4036 257 4111 pente
275 4028 408 4093 illustria
425 4029 529 4105 suere3
551 4028 638 4111 quod
659 4022 823 4089 moenibus
846 4019 1042 4105 cingebatur,
1064 4014 1109 4077 ita
1126 4025 1194 4078 atra

162 4120 249 4185 nube
266 4133 449 4206 coopertum
465 4120 704 4206 fulgoribusque
721 4115 891 4179 discretum
909 4121 968 4189 est,
987 4119 1021 4174 ut
1038 4107 1129 4192 quasi
1145 4106 1193 4172 in-

163 4214 363 4280 fensantibus
380 4217 449 4281 deis
466 4215 562 4280 exitio
579 4213 660 4278 tradi
677 4209 864 4276 crederetur.
