2958 4960
297 421 318 488 8
649 430 833 490 CORNELII
846 429 975 488 TACITI

1211 524 1319 564 audet.

295 591 347 658 hic
365 612 520 668 annonam
543 611 618 654 mox
640 598 767 654 senatus
789 587 940 674 milesque
958 597 989 654 et
1005 587 1149 674 populus.
1171 611 1246 654 nam
1265 589 1321 655 Ti-

295 685 401 752 berius
419 692 533 750 cuneta
547 704 605 768 per
622 682 766 749 consides
784 681 964 767 incipiebat,
987 691 1146 767 tamquam
1162 693 1268 749 vetere
1285 706 1321 749 re

295 778 422 864 publica
440 787 471 843 et
489 775 655 863 ambiguus
672 776 846 861 imperandi
852 801 861 854 ;
883 798 923 842 ne
941 773 1076 841 edictum
1094 775 1233 860 quidem,
1257 799 1320 861 quo

294 881 400 959 patres
418 870 451 936 in
469 870 588 936 curiam
605 868 751 947 vocabat,
774 869 835 935 nisi
852 869 1033 935 tribuniciae
1050 870 1212 956 potestatis
1228 893 1321 955 prae-

263 963 273 1016 f
296 966 463 1053 scriptione
476 963 581 1052 posuit
599 963 658 1029 sub
672 962 821 1050 Augusto
834 973 994 1049 acceptae;
1012 961 1109 1028 verba
1121 963 1213 1028 edicti
1230 963 1320 1030 fuere
1371 1017 1374 1026 .

294 1083 398 1148 pauca
418 1069 450 1124 et
472 1079 567 1123 sensu
593 1057 804 1142 permodesto:
831 1057 870 1122 de
891 1056 1060 1122 honoribus
1086 1057 1223 1142 parentis
1245 1079 1321 1122 con-

296 1155 459 1231 suhumm,
478 1173 580 1235 neque
598 1150 766 1216 abscedere
784 1174 803 1215 a
820 1172 958 1237 corpore,
976 1151 1070 1234 idque
1088 1171 1185 1215 unum
1203 1173 1244 1215 ex
1260 1173 1321 1236 pu·

293 1247 385 1314 blicis
403 1245 584 1311 muneribus
603 1266 763 1330 usurpare.
787 1245 843 1310 sed
860 1245 1007 1310 defuncto
1024 1244 1172 1330 Augusto
1191 1245 1319 1330 signum

293 1340 455 1427 praetoriis
470 1338 648 1404 cohortibus
662 1348 698 1402 ut
710 1339 876 1424 imperator
889 1339 1015 1404 dederat
1020 1363 1029 1417 ;
1048 1336 1207 1416 excubiae,
1222 1361 1320 1418 anna,

295 1446 398 1499 cetera
420 1432 525 1509 aulae;
547 1431 636 1496 miles
654 1431 688 1495 in
709 1431 826 1510 forum,
850 1433 939 1498 miles
956 1433 989 1496 in
1011 1433 1126 1498 curiam
1149 1431 1321 1498 comitaba-

294 1539 357 1606 tur3
375 1528 493 1591 litteras
511 1525 552 1588 ad
569 1524 724 1590 exercitus
738 1534 898 1610 tamquam
911 1527 1023 1612 adepto
1035 1525 1211 1610 principatu
1223 1525 1319 1603 misit,

293 1643 451 1704 nusquam
481 1617 718 1684 cunctabundus
745 1620 807 1684 nisi
833 1643 906 1685 eum
930 1621 963 1686 in
994 1629 1105 1684 senatu
1129 1619 1319 1703 loqueretur.

294 1737 390 1780 causa
410 1713 579 1799 praecipua
600 1734 641 1777 ex
663 1713 842 1792 formidine,
865 1737 905 1779 ne
928 1713 1149 1791 Germanicus,
1172 1714 1205 1777 in
1228 1714 1320 1778 euius

293 1831 389 1874 manu
406 1816 452 1872 tot
469 1807 619 1894 legiones,
637 1807 791 1872 immensa
805 1809 960 1874 sociorum
977 1808 1101 1886 auxilia,
1119 1808 1216 1873 mirus
1235 1808 1321 1892 apud

293 1901 445 1990 populum
457 1901 558 1979 favor,
577 1900 692 1966 habere
705 1901 870 1987 imperium
888 1924 982 1986 quam
1001 1914 1181 1987 exspectare
1198 1902 1319 1979 mallet;

294 1996 390 2062 dabat
407 2005 439 2061 et
456 1995 569 2073 famae,
588 2004 624 2061 ut
640 2008 770 2061 vocatus
789 1995 968 2080 electusque
985 1996 1089 2082 potius
1107 2018 1127 2060 a
1143 2018 1176 2060 re
1194 1995 1322 2080 publica

294 2092 451 2156 videretur
468 2113 563 2175 quam
580 2113 638 2176 per
653 2089 797 2154 uxorium
815 2089 968 2156 ambitum
989 2100 1020 2155 et
1042 2090 1132 2155 senili
1153 2091 1321 2176 adoptione

293 2185 476 2271 imepsisse:
499 2195 610 2270 postea
632 2185 792 2271 cognitum
813 2194 861 2249 est
883 2185 925 2250 ad
945 2183 1203 2272 introspiciendas
1225 2184 1319 2250 etiam

293 2301 456 2364 procerum
480 2279 656 2344 voluntates
677 2279 838 2344 inductam
860 2278 1101 2360 dubitationem3
1122 2302 1196 2344 nam
1212 2279 1319 2357 verba,

293 2373 400 2438 vultus
417 2374 451 2436 in
469 2373 586 2438 crimen
604 2373 792 2457 detorquens
810 2372 1007 2439 recondebat.

259 2485 274 2534 8
356 2466 442 2530 Nihil
463 2466 563 2551 primo
586 2475 713 2533 senatus
736 2468 786 2532 die
808 2469 861 2554 agi
882 2491 996 2554 passus
1022 2469 1082 2532 nisi
1104 2468 1143 2532 de
1166 2468 1320 2553 supremis

292 2559 443 2645 Augusti,
462 2560 551 2624 cuius
570 2558 800 2640 testamentum,
819 2561 949 2626 inlatum
966 2584 1024 2648 per
1040 2561 1177 2648 virgines
1190 2561 1319 2640 Vestae,

294 2653 455 2719 Tiberium
473 2663 505 2719 et
516 2654 644 2720 Liviam
657 2655 789 2721 heredes
801 2655 925 2722 habuit:
943 2658 1040 2722 Livia
1057 2657 1089 2720 in
1102 2655 1253 2722 familiam
1266 2657 1321 2721 Iu·

291 2747 367 2812 ham
389 2762 564 2831 nomenque
582 2746 766 2834 Augustum
788 2749 1024 2829 adsumebatur3
1047 2751 1080 2814 in
1098 2773 1186 2836 spem
1209 2772 1321 2815 secun-

293 2841 365 2905 dam
379 2851 509 2927 nepotes
522 2852 781 2928 pronepotesque,
801 2845 891 2910 tertio
904 2845 1005 2930 gradu
1022 2844 1172 2930 primores
1186 2843 1321 2908 civitatis

294 2936 473 3022 scripserat,
495 2937 661 3022 plorasque
683 2937 802 3004 invisos
821 2937 895 3016 sibi,
920 2939 976 3004 sed
992 2937 1137 3004 iaetantia
1158 2937 1320 3024 gloriaque

293 3031 333 3096 ad
354 3042 511 3117 posteras3
534 3032 638 3119 legata
659 3055 722 3097 non
744 3033 826 3098 ultra
844 3032 966 3098 civilem
988 3033 1131 3111 modum,
1154 3032 1215 3096 nisi
1236 3031 1321 3115 quod

292 3127 409 3212 populo
431 3136 463 3192 et
483 3126 568 3212 plebi
590 3128 843 3214 quadringenties
867 3128 970 3194 tricies
993 3128 1172 3212 quinquies,
1197 3137 1321 3212 praeto-

292 3219 408 3284 riarum
426 3221 600 3285 cohortium
617 3221 766 3286 militibus
786 3221 910 3307 singula
927 3244 1090 3286 nummum
1108 3222 1203 3298 milia,
1221 3220 1321 3306 legio-

292 3313 387 3376 nariis
401 3321 456 3377 aut
470 3313 649 3380 cohortibus
663 3314 778 3379 civium
792 3314 1006 3381 Romanorum
1020 3324 1160 3380 trecenos
1173 3336 1320 3380 nummos

293 3405 407 3468 viritim
437 3405 534 3469 dedit.
570 3415 637 3470 tum
663 3407 873 3472 consultatum
898 3408 937 3474 de
968 3409 1153 3489 honoribus3
1184 3431 1224 3474 ex
1248 3407 1320 3492 quis

293 3498 428 3562 maxime
441 3498 581 3585 insignes
595 3500 664 3578 visi,
683 3511 718 3565 ut
734 3512 825 3587 porta
837 3503 1017 3590 triumphali
1033 3505 1198 3570 duceretur
1214 3504 1320 3582 funus,

295 3588 407 3658 Gallus
425 3591 574 3671 Asinius,
597 3602 633 3657 ut
649 3594 756 3680 legum
777 3595 911 3662 latarum
933 3598 1028 3675 tituli,
1051 3598 1203 3664 victarum
1226 3596 1322 3662 abeo

293 3686 433 3774 gentium
456 3685 610 3752 vocabula
635 3688 876 3768 anteferrentur,
903 3691 944 3755 L.
963 3689 1134 3756 Arruntius
1161 3711 1320 3756 censuere.

293 3780 429 3846 addebat
451 3780 592 3846 Messala
613 3781 759 3848 Valerius
781 3785 996 3849 renovandum
1017 3806 1075 3870 per
1096 3807 1195 3850 annos
1219 3804 1322 3850 sacra-

293 3884 432 3939 mentum
450 3875 483 3939 in
500 3898 614 3940 nomen
628 3875 761 3955 Tiberii3
779 3877 1049 3965 interrogatusque
1067 3877 1228 3944 aTiberio
1245 3899 1321 3942 num
1352 3877 1361 3893 '

294 3989 328 4032 se
346 3971 514 4034 mandante
532 3993 602 4035 eam
621 3971 806 4036 sententiam
828 3972 1048 4058 prompsisset,
1075 3981 1186 4058 sponte
1203 3971 1322 4038 dixisse

293 4063 462 4146 respondit,
481 4085 583 4147 neque
601 4065 634 4130 in
650 4065 689 4130 iis
707 4087 787 4149 quae
806 4066 847 4132 ad
863 4087 929 4131 rem
946 4065 1104 4151 publicam
1122 4065 1321 4150 pertinerent,

294 4155 423 4220 consilio
440 4157 501 4222 nisi
520 4181 577 4224 suo
595 4181 735 4238 usurum,
754 4160 804 4226 vel
823 4183 893 4227 eum
911 4160 1049 4246 periculo
1067 4159 1264 4226 offensionis:
1284 4181 1323 4224 es
