2960 4962
329 445 389 512 106
676 447 1000 510 OORNELIITACITI

325 616 412 682 ribus
430 611 639 680 adulescentis
661 631 763 694 neque
781 609 814 672 in
830 607 947 672 falsum
968 615 1060 671 aucta
1077 607 1196 672 retulit:
1220 629 1293 673 esse
1311 608 1368 672 illi

325 710 493 795 coniugem
510 717 542 772 et
559 715 621 770 tres
639 703 754 770 liberos
777 724 910 786 eamque
931 711 1145 785 aetatemque
1166 702 1236 788 ipse
1254 723 1370 785 quon-

326 805 400 870 dam
417 827 436 868 a
453 801 525 866 divo
542 799 691 885 Augusto
708 797 750 862 ad
766 795 995 882 capessendum
1012 795 1073 860 hoc
1089 818 1205 861 munus
1222 806 1368 861 vocatus

326 899 381 976 sit;
399 917 501 980 neque
518 915 602 960 nunc
619 914 764 980 propera,
788 891 845 956 sed
862 913 918 976 per
935 900 1005 955 coto
1027 913 1125 956 annos
1148 899 1242 976 capto
1261 912 1369 976 expe-

327 993 468 1069 rimento,
487 987 674 1074 compressis
693 985 908 1063 seditionibus,
928 984 1108 1070 compositis
1126 984 1228 1061 bellis,
1247 985 1368 1049 trium-

326 1085 452 1173 phalem
470 1092 502 1148 et
519 1082 568 1149 bis
586 1080 761 1158 consulem,
780 1080 846 1144 noti
863 1079 978 1144 llaboris
995 1079 1179 1164 participem
1196 1079 1290 1144 sumi.

276 1203 308 1250 sa
390 1179 620 1263 Praeceperant
637 1173 749 1240 animis
771 1173 942 1238 orationem
964 1181 1082 1258 patres3
1105 1195 1167 1257 quo
1185 1171 1366 1256 quaesitior

327 1273 465 1340 adulatio
488 1271 561 1349 fuit,
584 1291 643 1336 nec
666 1279 770 1334 tamen
791 1277 950 1354 repertum
970 1267 1032 1332 nisi
1049 1275 1084 1331 ut
1101 1267 1223 1353 effigies
1241 1266 1365 1352 prinei-

328 1391 413 1454 pum‚
433 1389 503 1432 aras
517 1366 620 1441 deum,
640 1362 757 1448 templa
773 1371 805 1426 et
822 1383 913 1426 arcus
932 1360 1055 1444 aliaque
1073 1361 1164 1426 solita
1181 1369 1362 1438 censerent,

328 1461 387 1526 nisi
410 1460 495 1544 quod
511 1457 559 1525 M.
580 1455 707 1522 Silanus
730 1478 770 1520 ex
792 1455 980 1520 contumelia
1001 1454 1182 1520 consulatus
1204 1455 1361 1520 honorem

327 1554 519 1642 principibus
537 1552 647 1639 petivit
664 1552 804 1636 dixitque
822 1545 879 1637 pro
898 1552 1065 1629 sententia,
1089 1559 1124 1616 ut
1141 1551 1277 1637 publicis
1295 1551 1362 1637 pri-

327 1649 448 1713 vatisve
470 1646 668 1712 monimentis
691 1646 732 1710 ad
754 1646 936 1710 memoriam
958 1655 1133 1730 temporum
1158 1667 1222 1709 non
1244 1647 1362 1710 consri-

327 1742 394 1807 lum
416 1740 543 1808 nomina
558 1738 857 1825 praescriberentur,
882 1739 938 1804 sed
957 1761 1065 1805 eorum
1087 1739 1141 1823 qui
1159 1738 1361 1804 tribuniciam

328 1846 515 1922 potestatem
533 1843 686 1922 gererent.
714 1843 746 1898 at
765 1833 805 1916 Q.
825 1833 992 1911 Haterius,
1011 1856 1083 1898 cum
1101 1834 1168 1900 eius
1187 1834 1250 1898 diei
1268 1856 1362 1898 sena-

329 1942 379 1996 tus
398 1929 541 1997 consulta
558 1927 660 1996 aureis
678 1928 788 1993 litteris
802 1928 928 2014 figenda
944 1929 978 1992 in
996 1929 1082 1993 curia
1100 1927 1285 2006 censuisset,
1305 1928 1362 1992 de-

328 2024 459 2090 ridiculo
484 2025 558 2102 fnit,
586 2045 683 2090 senex
713 2022 914 2089 foedissimae
940 2022 1128 2114 adulationis
1159 2031 1284 2087 tantum
1311 2024 1361 2087 in-

330 2119 428 2184 famia
444 2142 570 2185 usurus.
1215 2145 1219 2154 ·

278 2228 310 2276 ss
393 2215 481 2280 Inter
506 2235 587 2298 quac
612 2213 773 2299 provincia
798 2211 909 2276 Africa
930 2211 1022 2276 Iunio
1047 2211 1164 2276 Blaeso
1190 2219 1363 2297 prorogata

332 2306 461 2373 Servius
479 2308 725 2393 Maluginensis,
749 2307 864 2371 flamen
881 2305 999 2382 Dialis,
1018 2314 1053 2369 ut
1070 2303 1183 2370 Asiam
1202 2314 1287 2370 sorte
1304 2304 1363 2368 ha·

330 2399 417 2467 beret
429 2401 608 2487 postulavit,
628 2402 744 2467 frustra
757 2401 920 2487 vulgatum
933 2400 1078 2468 dictitans
1092 2422 1155 2464 non
1172 2399 1266 2464 licere
1279 2399 1363 2464 Dia·

330 2494 412 2560 libus
427 2495 534 2581 egredi
547 2495 649 2572 Italia,
667 2517 769 2578 neque
783 2495 869 2560 aliud
882 2497 931 2561 ius
946 2515 1152 2582 suuquuam
1164 2493 1363 2558 Martialium

332 2587 602 2671 Quirinaliumque
620 2588 795 2652 flaminum:
817 2610 925 2674 porro,
948 2588 976 2654 si
993 2587 1027 2652 hi
1049 2587 1213 2653 duxissent
1233 2587 1365 2672 provin-

331 2683 410 2759 cias,
437 2703 494 2746 cur
510 2681 658 2746 Dialibus
681 2682 714 2747 id
735 2682 886 2747 vetitum?
911 2683 998 2748 nulla
1019 2683 1058 2746 de
1081 2705 1119 2747 eo
1141 2681 1250 2767 populi
1272 2681 1363 2758 scita,

331 2798 398 2840 non·
411 2775 543 2842 inlibris
557 2775 815 2842 caerimoniarum
831 2777 968 2862 reperiri.
993 2797 1087 2862 saepe
1104 2775 1269 2861 pontifices
1282 2774 1366 2839 Dia·

331 2869 374 2934 lia
392 2892 482 2934 sacra
499 2869 627 2948 secisse,
651 2870 679 2936 si
696 2870 811 2936 flamen
827 2872 999 2936 valitudine
1016 2879 1071 2934 aut
1088 2893 1217 2935 munere
1235 2868 1366 2955 publico

332 2963 543 3049 impediretur.
562 2965 686 3030 duobus
701 2974 733 3030 et
747 2966 946 3052 septuaginta
958 2965 1048 3030 annis
1061 2976 1133 3050 post
1144 2963 1283 3029 Cornelii
1292 2963 1366 3028 Me-

265 3123 270 3134 ,
331 3059 418 3123 rulae
437 3058 566 3124 caedem
583 3059 740 3132 neminem
753 3059 930 3136 suffectum,
949 3081 1052 3141 neque
1070 3068 1174 3123 tamen
1188 3057 1366 3122 cessavisse

332 3153 514 3240 religiones3
538 3156 623 3238 quod
641 3155 743 3240 siper
764 3163 811 3219 tot
832 3176 930 3218 annos
952 3153 1052 3238 possit
1074 3174 1139 3217 nou
1156 3152 1254 3216 creari
1276 3151 1365 3216 nullo

334 3270 493 3313 sacrorum
510 3249 638 3327 damno,
663 3259 779 3332 quanto
797 3248 920 3314 facilius
938 3246 1097 3312 afuturum
1120 3248 1161 3312 ad
1178 3247 1271 3311 unius
1290 3247 1366 3311 anni

333 3341 553 3424 proconsulare
565 3343 751 3426 imperium?
764 3343 894 3428 privatis
908 3341 982 3408 olim
992 3341 1201 3407 simultatibus
1217 3341 1368 3406 effectum

334 3440 369 3496 ut
385 3455 405 3496 a
421 3432 619 3516 pontificibus
638 3435 783 3500 maximis
806 3436 850 3500 ire
868 3436 901 3500 in
918 3436 1095 3522 provincias
1112 3433 1366 3522 prohiberentur:

333 3546 418 3589 nunc
439 3525 532 3589 deum
554 3549 684 3592 munere
707 3551 865 3594 summum
888 3530 1071 3616 pontificum
1088 3531 1184 3595 etiam
1206 3551 1367 3594 summum

334 3617 496 3682 hominum
514 3637 593 3697 esse,
612 3642 676 3685 non
693 3622 902 3701 aemulationi,
920 3646 984 3688 non
1002 3624 1074 3690 odio
1092 3634 1146 3689 aut
1162 3623 1292 3710 privatis
1310 3623 1368 3688 ad·

334 3712 522 3780 sectionibus
541 3711 723 3780 obnoxium.

285 3828 316 3876 59
399 3807 564 3875 Adversus
582 3830 663 3893 quae
681 3831 754 3876 oum
771 3833 873 3897 augur
890 3812 1047 3878 Lentulus
1065 3813 1180 3897 aliique
1198 3811 1284 3878 varie
1301 3811 1368 3876 dis·

336 3913 483 3982 sererent,
501 3927 539 3970 co
557 3905 723 3972 decursum
742 3914 791 3970 cst
807 3915 843 3970 ut
859 3907 1013 3991 pontificis
1031 3907 1161 3972 maximi
1180 3905 1367 3972 sententiam

282 3995 287 4006 '
336 3999 563 4084 opperirenturr
582 4001 727 4066 Tiberius
746 3999 842 4066 dilata
859 4001 984 4066 notione
1002 4003 1041 4066 de
1059 4001 1126 4066 iure
1143 4001 1292 4078 flaminis,
1312 4000 1368 4064 de-

337 4101 437 4156 cretas
455 4092 496 4159 ob
519 4094 716 4162 tribuniciam
732 4095 833 4162 Drusi
854 4104 1042 4181 potestatem
1064 4095 1269 4161 caerimonias
1287 4105 1367 4159 tem-

337 4185 466 4269 peravit,
485 4189 668 4254 nominatim
686 4211 821 4275 arguens
835 4189 1030 4256 insolentiam
1049 4190 1220 4256 sentcntiae
1239 4209 1367 4254 aureas-
