3042 4956
294 415 699 515 'nuummu'nmvr
716 457 836 512 n-as.
851 457 992 531 <ss-ar.)
1118 445 1180 510 173
1278 507 1281 512 ,

147 550 223 602 aen.
234 551 271 590 aa.

146 641 247 704 quam
265 615 532 702 Mesopotamiam
549 614 728 694 invasurus,
747 624 866 680 metum
883 615 1019 681 Romani
1039 613 1112 680 belli
1132 615 1180 682 se-

146 712 257 777 cisset.
288 719 358 774 turn
377 710 494 774 omissa
510 707 663 774 Armenia
684 731 856 793 versaeque
873 708 1029 774 Artabani
1045 731 1110 788 res,
1132 711 1181 774 in·

145 807 275 870 liciente
293 804 438 883 Vitellio,
456 804 634 868 desererent
654 825 763 890 regem
781 825 911 868 saevum
927 804 961 868 in
981 826 1060 890 pace
1077 813 1108 870 et
1125 804 1180 868 ad-

144 900 250 965 versis
269 899 462 985 proeliorum
479 899 659 976 exitiosum3
678 898 775 984 igitur
793 896 957 975 Sinnaces,
976 919 1072 982 quem
1088 907 1181 964 antea

145 994 313 1060 insensum
330 993 516 1071 memoravi,
534 1001 659 1078 'patrem
675 991 891 1078 Abdagaesen
913 992 1053 1076 aliosque
1076 992 1180 1058 occul·

145 1097 196 1154 tos
215 1088 346 1152 consilii
364 1096 396 1152 et
413 1095 486 1150 tunc
504 1086 659 1153 continuis
678 1085 820 1151 cladibus
842 1085 1049 1171 promptiores
1066 1085 1108 1150 ad
1125 1086 1180 1150 de·

145 1183 323 1247 sectionem
349 1181 456 1258 trahit,
484 1179 693 1246 adfluentibus
720 1179 873 1265 paulatim
894 1180 949 1263 qui
970 1190 1057 1244 metu
1077 1179 1179 1266 magis

145 1300 245 1360 quarn
262 1275 477 1341 benivolentia
495 1274 628 1340 subiecti
644 1274 775 1359 repertis
793 1273 972 1340 auctoribus
990 1273 1180 1340 sustulerant

145 1372 302 1436 animum.
334 1391 394 1435 nec
415 1369 477 1434 iam
495 1369 582 1433 aliud
598 1367 762 1435 Artabano
783 1369 939 1452 reliquum
960 1391 1056 1452 quam
1080 1368 1179 1452 siqui

145 1474 354 1529 extcmcrum
371 1463 493 1548 corpori
507 1463 653 1528 custodes
667 1462 805 1540 aderant,
825 1463 890 1528 suis
903 1463 1037 1548 quisque
1050 1461 1178 1528 sedibus

146 1567 302 1635 extorres,
321 1557 393 1640 quis
410 1579 511 1640 neque
528 1555 603 1622 boni
620 1556 794 1622 intellectus
813 1577 914 1640 neque
932 1555 1006 1622 mali
1019 1577 1102 1634 cura,
1121 1555 1178 1621 sed
1295 1623 1298 1630 ,

145 1653 295 1718 mercede
314 1652 441 1716 aluntur
456 1650 590 1716 ministri
607 1649 791 1716 sceleribus:
810 1650 859 1716 bis
877 1651 1051 1738 adsumptis
1064 1650 1098 1716 in
1110 1650 1178 1718 lon·

145 1747 271 1831 ginqua
303 1754 336 1810 et
366 1746 558 1810 contermina
585 1743 734 1830 Scythiae
764 1745 874 1832 lugam
903 1745 1084 1823 maturavit,
1120 1766 1177 1830 spe

145 1839 272 1918 auxilii,
296 1839 371 1923 quia
392 1838 551 1924 Hyrcanis
574 1838 812 1922 Carmaniisque
834 1861 891 1926 per
912 1839 1104 1905 adfinitatem
1130 1839 1178 1904 in·

145 1957 249 2000 nerms
264 1943 346 1998 erat:
365 1941 457 2018 atque
470 1932 594 1998 interim
606 1955 701 2020 posse
709 1932 843 2000 Parthos
859 1933 1036 1998 absentium
1049 1953 1176 2016 aequos,

144 2025 369 2114 praesentibus
388 2027 531 2105 mobiles,
550 2028 591 2092 ad
606 2027 831 2113 paenitentiam
848 2026 971 2090 mutari.

209 2121 260 2187 At
279 2121 426 2188 Vitellius
443 2121 580 2209 profugo
596 2120 761 2186 Artabano
779 2129 810 2184 et
827 2119 918 2184 flexis
936 2118 977 2184 ad
994 2139 1112 2184 novum
1128 2140 1177 2183 re-
1195 2132 1228 2180 ra

145 2239 220 2303 gem
237 2215 439 2302 popularium
457 2216 579 2294 animis,
591 2206 740 2281 ¹hortatus
759 2213 921 2278 Tiridaten
941 2221 1051 2299 parata
1068 2235 1178 2298 capes·
1190 2197 1233 2246 (η)

147 2333 226 2388 sere,
255 2309 354 2376 robur
378 2310 536 2396 legionum
565 2311 783 2394 sociorumque
809 2309 911 2396 ripam
936 2309 977 2375 ad
1004 2308 1176 2394 Euphratis

146 2405 243 2470 ducit.
269 2403 527 2482 sacrificantibus,
547 2427 618 2470 cum
631 2405 684 2469 hic
697 2426 783 2470 more
797 2404 942 2470 Romano
955 2403 1178 2470 suovetaurilia

146 2499 251 2576 daret,
277 2498 332 2563 ille
351 2520 465 2582 equum
486 2498 640 2585 placando
663 2500 747 2564 amni
769 2499 967 2577 adornasset,
993 2498 1177 2564 nuntiavere

147 2593 275 2659 accolae
294 2592 480 2678 Euphraten
498 2593 585 2659 nulla
605 2594 752 2659 imbrium
769 2595 801 2660 vi
819 2603 930 2679 sponte
947 2604 986 2660 et*
999 2594 1177 2662 inmensum
1228 2597 1232 2606 '

146 2687 262 2765 attolli,
303 2686 396 2751 simul
421 2687 599 2754 albentibus
626 2689 746 2774 spumis
772 2689 813 2754 in-
835 2689 964 2754 modum
990 2689 1175 2754 diadematis

147 2781 274 2846 sinuare
294 2781 401 2859 orbes,
428 2783 603 2868 auspicium
624 2785 764 2870 prosperi
791 2793 1020 2872 transgressum
1048 2785 1176 2868 quidam
1299 2819 1305 2832 ·

146 2874 294 2940 callidius
323 2874 607 2960 interpretabantur
632 2877 721 2942 initia
747 2889 878 2945 conatus
905 2878 1044 2942 secunda
1073 2899 1176 2960 neque

147 2969 311 3046 diuturna,
338 2969 413 3052 quia
435 2991 645 3054 eorumquae
668 2981 751 3037 terra
772 2972 899 3037 caelove
920 2969 1177 3055 portenderentur

148 3062 262 3128 certior
278 3061 374 3140 fides,
397 3063 563 3130 fluminum
580 3065 735 3130 instabilis
754 3074 867 3130 natura
889 3063 983 3128 simul
1000 3062 1178 3128 ostenderet

147 3156 255 3221 omina
271 3166 467 3241 raperetque.
495 3159 552 3223 sed
569 3168 665 3244 ponte
682 3154 816 3224 navibus
834 3155 947 3222 effecto
970 3154 1177 3237 tramissoque

148 3251 290 3316 exercitu
315 3250 435 3334 primus
463 3249 667 3338 Ornospades
693 3252 800 3317 multis
827 3251 967 3335 equitum
990 3247 1118 3314 ,milibus
1144 3249 1178 3314 in

149 3353 252 3410 castra
269 3344 371 3422 venit,
395 3346 468 3412 exul
484 3347 643 3431 quondam
662 3356 693 3411 et
710 3346 851 3424 Tiberio,
875 3367 947 3410 cum
963 3343 1177 3410 Delmaticum

148 3437 267 3503 bellum
286 3438 461 3518 conficeret,
480 3440 566 3506 haud
582 3441 733 3528 inglorius
752 3441 918 3506 auxiliator
934 3463 1034 3527 eoque
1051 3439 1177 3508 civitate

148 3531 295 3598 Romana
312 3532 461 3612 donatus,
479 3557 555 3600 mox
570 3535 703 3621 repetita
720 3536 857 3602 amicitia
873 3536 957 3622 regis
975 3535 1074 3600 multo
1092 3535 1178 3621 apud

149 3647 220 3691 eum
246 3627 380 3706 honore,
407 3629 585 3714 praefectus
608 3630 728 3715 campis
754 3630 809 3716 qui
829 3631 992 3716 Euphrate
1015 3639 1046 3694 et
1069 3628 1175 3714 Tigre,

148 3721 275 3788 inclutis
293 3723 449 3801 amnibus,
469 3723 642 3789 circumflui
649 3724 899 3812 Mesopotamiae
916 3747 1031 3790 nomen
1048 3743 1178 3806 accepe-

147 3827 229 3882 runt.
252 3838 357 3901 neque
375 3817 474 3883 multo
491 3827 564 3903 post
576 3816 728 3884 Sinnaces
742 3828 838 3906 auget
851 3818 969 3903 copias,
988 3823 1019 3880 et
1032 3815 1178 3880 columen

148 3911 285 3994 partium
293 3910 504 3998 Abdagaeses
521 3935 636 3999 gazam
649 3922 681 3978 et
692 3921 820 3998 paratus
833 3911 937 3996 regios
951 3908 1055 3973 adicit.
1077 3906 1178 3973 Vitel-

148 4003 207 4070 lius
226 4015 406 4070 ostentasse
423 4006 568 4072 Romana
585 4028 672 4071 arma
694 4006 770 4071 satis
788 4013 874 4069 ratus
892 4010 999 4067 monet
1015 4001 1177 4068 Tiridaten

149 4099 375 4183 primoresque,
394 4100 493 4178 hunc,
511 4100 658 4166 Phraatis
676 4098 727 4163 avi
745 4107 776 4162 et
794 4096 901 4163 altoris
916 4094 1063 4162 Caesaris
1082 4119 1177 4180 quae-

150 4215 204 4278 que
213 4194 382 4278 utrobique
391 4193 522 4280 pulchra
529 4193 714 4270 meminerit,
728 4191 808 4270 illos,
818 4189 1004 4276 obsequium
1017 4191 1174 4279 inregem‚
