2958 4960
332 445 374 512 38
682 453 865 511 CORNELII
877 452 1007 510 TACITI

1251 556 1272 586 ι.
1284 559 1307 586 ιι.
1318 549 1364 588 sce.

332 613 436 680 studio
455 609 677 689 Germanicus,
696 611 791 676 armis
809 611 903 676 modo
921 619 953 676 et
970 610 1060 694 equis
1078 611 1119 676 ad
1135 610 1256 678 bellum
1277 637 1366 680 sum-

330 710 407 796 ptis,
430 706 556 796 propria
576 706 710 792 pecunia
730 705 861 771 militem
882 704 974 783 iuvit,
1001 715 1097 790 utque
1119 706 1217 772 cladis
1240 729 1365 774 memo-

330 804 410 870 riam
428 801 521 868 etiam
540 801 685 866 comitme
701 800 824 878 leniret,
847 799 1012 866 circumire
1029 801 1167 879 saucios,
1190 800 1281 868 facta
1301 803 1365 870 sin-

330 897 477 985 gulorum
490 895 651 973 extollere3
665 894 795 960 vulnera
807 894 932 960 intuens
947 894 1042 960 alium
1056 917 1122 980 spe,
1136 895 1235 962 alium
1248 897 1361 983 gloria,

330 999 460 1058 cunctos
478 989 625 1073 adloquio
643 998 674 1054 et
692 1010 767 1053 cura
784 987 906 1072 sibique
925 997 956 1054 et
971 988 1090 1074 proelio
1107 988 1264 1056 firmabat.

230 1105 234 1116 “
281 1105 312 1154 aa
394 1085 533 1150 Decreta
549 1105 587 1148 eo
606 1104 687 1147 anno
705 1081 904 1168 triumphalia
920 1082 1057 1170 insignia
1069 1081 1112 1148 A.
1127 1081 1299 1162 Caecinae,
1318 1086 1360 1151 L.

329 1177 487 1268 Apronio,
511 1175 549 1242 C.
570 1174 649 1242 Silio
666 1175 707 1241 ob
728 1197 779 1241 res
798 1198 870 1241 oum
889 1174 1077 1242 Germanico
1095 1185 1213 1263 gestas.
1242 1200 1361 1244 nomen

328 1273 427 1360 patris
449 1270 567 1356 patriae
586 1269 731 1336 Tiberius
757 1269 913 1355 apopulo
936 1271 1061 1356 saepius
1084 1271 1244 1358 ingestum
1265 1295 1362 1358 repu-

330 1365 440 1444 diavit3
462 1385 563 1449 neque
581 1363 614 1428 in
635 1372 706 1429 acta
723 1385 781 1428 sua
797 1362 906 1441 iurari,
930 1384 1119 1448 quamquam
1137 1377 1288 1430 censente
1311 1389 1362 1430 se-

328 1468 419 1536 natu,
437 1457 592 1543 permisit,
612 1465 725 1522 cuncta
742 1457 919 1522 mortalium
935 1458 1068 1536 incerta,
1086 1467 1266 1543 quantoque
1285 1460 1360 1545 plus

329 1553 461 1638 adeptus
488 1550 584 1628 foret,
611 1559 697 1616 tanto
724 1573 758 1616 se
780 1552 881 1638 magis
906 1551 940 1617 in
964 1551 1085 1618 lubrico
1106 1552 1267 1618 dictitans:
1294 1577 1361 1618 non

328 1657 434 1712 tamen
450 1645 522 1710 ideo
540 1644 677 1711 faciebat
688 1645 783 1712 fidem
801 1646 901 1712 civilis
919 1646 1030 1724 animi3
1048 1669 1122 1712 nam
1138 1646 1243 1733 legem
1260 1648 1361 1712 maie-

328 1741 417 1808 statis
438 1740 619 1818 reduxcrat3
642 1740 694 1806 cui
710 1763 825 1806 nomen
843 1741 928 1826 apud
949 1749 1072 1806 veteres
1093 1741 1191 1819 idem,
1220 1742 1362 1807 sedalis

327 1837 361 1902 in
381 1835 531 1901 iudicium
556 1835 736 1902 veniebant:
763 1835 791 1901 si
808 1835 878 1921 quis
904 1835 1078 1921 proditione
1105 1835 1276 1901 exereitum
1304 1845 1362 1901 aut

326 1929 451 2017 plebem
469 1929 689 2008 seditionibus,
708 1929 842 2014 denique
859 1930 941 1995 male
958 1939 1049 2016 gesta
1065 1951 1099 1996 re
1115 1929 1243 2015 publica
1260 1930 1362 1994 maie-

329 2033 442 2091 statem
458 2023 567 2110 populi
583 2024 719 2092 Romani
736 2024 913 2103 minuisset3
931 2023 1016 2090 facta
1033 2023 1254 2110 arguebantur,
1272 2024 1361 2089 dicta

327 2120 444 2206 inpune
466 2127 567 2184 erant:
594 2119 714 2205 primus
736 2117 904 2205 Augustus
926 2117 1136 2205 cognitionem
1163 2117 1202 2182 de
1224 2117 1359 2183 famosis

326 2213 442 2280 libellis
454 2211 558 2298 specie
574 2213 655 2299 legis
674 2213 740 2278 eius
759 2213 916 2290 tractarit,
936 2221 1110 2278 commotus
1125 2210 1229 2278 Cassii
1244 2209 1360 2278 Severi

326 2305 464 2382 libidine,
483 2327 547 2389 qua
558 2306 643 2371 viros
657 2306 853 2390 feminasque
865 2306 1012 2372 inlustres
1026 2304 1211 2391 procacibus
1230 2305 1359 2391 scriptis

327 2397 556 2478 diffamaverat3
577 2422 654 2465 mox
671 2399 832 2478 Tiberius,
855 2401 1051 2466 consultante
1072 2398 1226 2484 Pompeio
1242 2397 1359 2464 Macro

326 2502 481 2578 praetore,
513 2516 554 2558 an
578 2493 694 2560 iudicia
720 2494 891 2560 maiestatis
922 2495 1132 2572 redderentur,
1165 2493 1358 2560 exercendas

326 2587 413 2674 leges
432 2608 502 2652 esse
515 2587 685 2672 respondit.
706 2587 933 2673 huncquoque
951 2610 1135 2674 asperavere
1154 2588 1291 2653 carmina
1309 2589 1360 2654 in-

327 2680 418 2745 certis
442 2679 622 2746 auctoribus
640 2681 770 2768 vulgata
791 2682 824 2746 in
842 2683 1006 2748 saevitiam
1028 2681 1269 2768 superbiamque
1286 2682 1359 2748 eius

327 2783 358 2839 et
374 2774 552 2839 discordem
570 2796 643 2841 cum
660 2785 758 2840 matre
777 2776 926 2842 animum.

277 2889 308 2938 73
389 2867 489 2933 Haud
512 2868 634 2956 pigebit
658 2869 805 2938 referre
796 2894 829 2935 m
850 2871 981 2936 Falanio
1007 2879 1039 2936 et
1059 2867 1195 2947 Rubrio,
1221 2870 1358 2937 modieis

257 2961 482 3047 equitibus
495 2963 658 3041 Romanis,
675 2975 902 3051 praetemptata
914 2965 1053 3043 crimina,
1071 2980 1107 3030 ut
1120 2963 1257 3048 quibus
1248 2964 1357 3042 mitiis,

326 3067 443 3143 quanta
461 3057 580 3124 Tiberii
602 3068 668 3124 arte
686 3060 908 3147 gravissimum
929 3059 1059 3125 exitium
1080 3059 1259 3144 inrepserit,
1283 3058 1359 3123 dein

325 3175 503 3240 repressum
522 3153 576 3231 sit,
593 3163 752 3240 postremo
770 3154 880 3220 arserit
898 3163 1070 3238 cunctaque
1089 3153 1280 3238 corripuerit,
1299 3175 1359 3217 no-

326 3255 439 3312 scatur.
462 3247 593 3313 Falanio
606 3248 762 3313 obiciebat
775 3257 938 3314 accusator
950 3249 1035 3332 quod
1047 3247 1129 3312 inter
1141 3246 1276 3312 cultores
1286 3244 1359 3311 Au-

324 3339 424 3425 gusti,
451 3340 506 3421 qui
523 3362 581 3425 per
602 3362 711 3406 omnes
734 3343 845 3407 domos
867 3343 900 3407 in
922 3344 1051 3409 modum
1074 3341 1291 3428 collegiorum.
1299 3341 1358 3406 ha-

325 3428 492 3508 bebantur,
526 3431 675 3497 Cassium
704 3435 862 3518 quendam
892 3436 1023 3501 mimum
1050 3457 1178 3522 corpore
1204 3434 1357 3499 infamem

326 3525 520 3604 adscivisset,
538 3528 686 3612 quodque
698 3530 832 3595 venditis
846 3531 943 3597 hortis
958 3541 1094 3598 statuam
1106 3529 1248 3618 Augusti
1262 3529 1358 3595 simul

325 3619 549 3706 mancipasset3
567 3619 687 3689 Rubrio
703 3623 825 3688 crimini
838 3625 971 3691 dabatur
982 3625 1133 3692 violatum
1146 3623 1282 3710 periurio
1299 3648 1358 3687 nu-

325 3736 398 3781 men
415 3712 570 3801 Augusti:
593 3737 674 3798 quae
692 3715 748 3782 ubi
765 3715 892 3783 Tiberio
910 3728 1052 3796 noluere,
1077 3717 1201 3803 scripsit
1219 3716 1358 3784 consuli·

325 3808 385 3876 bus
403 3831 467 3874 non
483 3808 554 3876 ideo
577 3809 736 3874 decretum
752 3811 834 3895 patri
856 3834 914 3877 suo
935 3812 1057 3879 eaelum
1078 3822 1113 3876 ut
1130 3812 1164 3876 in
1184 3810 1356 3897 perniciem

326 3903 443 3968 civium
463 3903 491 3969 is
512 3903 612 3989 honor
634 3915 818 3983 verteretur3
847 3903 994 3972 Cassium
1021 3906 1205 3972 histrionem
1227 3903 1355 3972 solitum

325 3996 406 4062 inter
422 3997 501 4064 alios
519 3999 661 4066 eiusdem
678 3999 753 4066 artis
766 4000 917 4068 interesse
929 4000 1012 4066 ludis
1031 4023 1110 4085 quos
1128 4009 1229 4066 mater
1247 3999 1357 4064 suain

326 4091 509 4156 memoriam
529 4091 672 4180 Augusti
693 4103 862 4174 sacrasset;
888 4117 947 4162 nec
969 4104 1077 4162 contra
1096 4093 1265 4181 religiones
1287 4093 1356 4158 fieri

326 4183 411 4267 quod
428 4183 550 4271 efligies
568 4189 649 4266 eius,
673 4198 708 4254 ut
729 4188 790 4254 alia
811 4189 972 4256 numinum
996 4189 1175 4266 simulacra,
1200 4187 1355 4253 venditio-
