2960 4962
317 405 378 470 168
685 413 869 469 CORNELII
882 413 1012 469 TAOITI

1177 517 1198 546 ι.
1208 518 1229 547 u.
1241 509 1287 548 786.
1298 510 1341 550 781.

315 575 417 640 cinam
439 573 541 638 traxit.
569 580 667 658 nupta
684 569 758 638 olim
772 568 833 636 Cn.
847 567 958 635 Pisoni
975 580 1007 636 et
1023 571 1128 656 palam
1146 572 1229 638 laeta
1242 585 1342 642 morte

316 666 511 744 Germanici,
530 687 601 732 cum
619 662 696 730 Piso
714 664 847 741 caderet,
866 663 1012 749 precibus
1023 663 1190 752 Augustae
1207 689 1268 734 neo
1285 670 1343 734 mi·

314 785 374 826 nus
387 759 557 826 inimicitiis
565 758 761 846 Agrippinae
775 757 906 824 defensa
918 767 998 824 erat:
1017 769 1053 824 ut
1066 759 1173 824 odium
1192 772 1223 826 et
1240 763 1343 848 gratia

315 855 449 932 desiere,
468 855 517 920 ius
535 853 646 930 valuit,
668 851 827 939 petitaque
845 846 1026 918 criminibus
1045 853 1130 918 baud
1147 853 1266 940 ignotis
1285 879 1343 922 sua

313 971 410 1014 manu
428 969 498 1014 sera
514 947 616 1034 magis
634 968 729 1030 quam
745 946 890 1012 inmerita
907 946 1061 1032 supplicia
1077 948 1238 1032 persolvit.

260 1045 296 1128 ,³³
380 1042 443 1107 Tot
463 1040 599 1107 luctibus
622 1040 747 1106 funesta
768 1039 893 1106 civitate
914 1063 988 1126 pars
1006 1042 1155 1106 maeroris
1173 1041 1235 1106 suit
1257 1044 1342 1128 quod

259 1113 301 1160 '²⁷'
313 1137 405 1214 lulio,
423 1135 524 1202 Drusi
541 1135 614 1211 filia,
632 1133 790 1217 quondam
807 1132 941 1200 Neronis
958 1156 1051 1212 error,
1070 1134 1218 1221 denupsit
1235 1134 1270 1200 in
1287 1137 1343 1202 do-

300 1254 400 1296 -mum
418 1228 556 1296 Rubellii
573 1228 697 1305 Blandi,
716 1227 805 1292 cuius
823 1249 917 1292 avum
932 1226 1105 1307 Tiburtem,
1125 1229 1264 1313 equitem
1278 1230 1342 1296 Ro-

313 1347 441 1390 manum
458 1322 598 1410 plerique
616 1322 829 1388 meminerant.

377 1417 529 1484 Extremo
547 1417 620 1482 anui
638 1439 722 1482 mors
740 1415 825 1481 Aelii
843 1417 975 1482 Lamiae
997 1417 1108 1484 funere
1130 1419 1274 1484 censorio
1293 1441 1342 1485 ce-

312 1511 440 1588 lebrata,
460 1511 514 1594 qui
531 1509 795 1574 administrandae
815 1507 926 1596 Syriae
943 1511 1079 1598 imagine
1103 1513 1231 1577 taudem
1250 1536 1343 1580 exso-

309 1605 395 1670 lutus
404 1603 475 1668 urbi
483 1601 670 1690 praefuerat.
689 1625 790 1690 genus
800 1604 845 1670 illi
854 1605 1010 1682 decorum,
1019 1606 1125 1672 vivida
1134 1618 1297 1685 senectus3
1311 1619 1342 1674 et

312 1721 375 1764 non
387 1698 541 1783 permissa
552 1697 713 1783 provincia
727 1698 939 1784 dignationem
952 1700 1123 1766 addiderat.
1142 1702 1216 1766 exin
1224 1702 1341 1767 Flacco

311 1792 498 1878 Pomponio,
518 1789 630 1878 Syriae
648 1803 858 1878 propraetore,
877 1792 1025 1858 defuncto
1042 1795 1212 1861 recitantur
1222 1794 1342 1862 Caesa-

311 1887 355 1952 ris
373 1887 502 1964 litterae,
520 1885 591 1969 quis
607 1885 773 1951 incusabat
790 1887 952 1974 egregium
970 1909 1126 1971 quemque
1144 1899 1176 1954 et
1192 1889 1341 1976 regendis

312 1979 500 2046 exercitibus
517 1979 666 2046 idoneum
689 1980 826 2046 abnuere
848 1979 881 2044 id
899 1999 1028 2058 munus,
1052 2003 1149 2066 seque
1171 2005 1210 2048 ea
1232 2005 1342 2049 neces·

313 2076 448 2141 situdine
466 2075 507 2140 ad
524 2096 633 2160 preces
655 2072 739 2160 cogi,
766 2096 823 2160 per
843 2095 923 2162 quas
941 2074 1151 2141 consularium
1172 2076 1271 2160 aliqui
1288 2099 1341 2142 ca-

311 2192 439 2257 pessere
456 2169 632 2256 provincias
651 2169 863 2254 adigerentur,
892 2167 1007 2234 oblitus
1024 2167 1226 2248 Arruntium,
1249 2193 1291 2236 ne
1307 2171 1341 2236 iu

312 2265 501 2350 Hispaniam
518 2272 676 2349 pergeret,
704 2262 860 2328 decimum
877 2263 941 2328 iam
959 2285 1075 2328 annum
1097 2264 1229 2329 attineri.
1262 2264 1341 2331 obiit

312 2359 423 2424 eodem
442 2379 523 2422 anno
542 2366 573 2420 et
589 2356 645 2420 Μ’.
663 2356 822 2441 Lepidus,
845 2357 885 2422 de
903 2357 992 2423 cuius
1014 2357 1226 2424 moderatione
1245 2368 1340 2442 atque

313 2450 466 2536 sapientia
482 2450 515 2514 in
532 2448 688 2534 prioribus
706 2449 794 2516 libris
813 2451 889 2518 satis
909 2451 1084 2530 conlocavi3
1107 2474 1209 2536 neque
1226 2453 1339 2518 nobili-

311 2557 359 2610 tas
378 2544 494 2608 diutius
513 2543 756 2608 demonstranda
773 2553 834 2608 est:
853 2545 970 2631 quippe
982 2544 1154 2610 Aemilium
1172 2569 1273 2634 genus
1292 2547 1340 2611 fe-

311 2638 450 2704 cundum
468 2635 622 2702 bonorum
640 2636 770 2717 civium,
794 2647 824 2702 ct
846 2639 901 2722 qui
919 2640 1030 2706 eadem
1047 2639 1166 2705 familia
1183 2641 1338 2726 corruptis

310 2731 463 2808 moribus,
482 2729 605 2795 inlustri
623 2740 728 2796 tamen
745 2731 872 2798 fortuna
889 2756 991 2820 egere.

261 2831 294 2879 34
353 2826 461 2891 Prono
479 2823 588 2903 Facto,
606 2825 648 2889 L.
667 2823 814 2893 Vrrnnmo
833 2826 1014 2893 consulibus
1031 2837 1105 2913 post
1120 2827 1251 2915 longum
1268 2850 1340 2894 sac-

256 2899 298 2946 ‘²⁸'
312 2920 454 2987 culorum
471 2917 624 2986 ambitum
641 2919 708 2986 avis
730 2919 868 3006 phoenix
889 2920 922 2984 in
938 2919 1124 3008 Aegyptum
1140 2920 1226 2986 venit
1247 2943 1340 3008 prae-

311 3015 441 3100 buitque
462 3014 624 3081 materiem
642 3014 831 3082 doctissimis
853 3014 1071 3102 indigenarum
1093 3025 1124 3080 et
1142 3014 1338 3082 Graecorum

311 3111 410 3176 multa
428 3132 577 3195 supereo
595 3108 745 3174 miraculo
763 3109 950 3176 disserendi:
969 3108 1141 3194 dequibus
1159 3123 1338 3198 congruunt

311 3215 343 3270 ct
359 3205 450 3290 plura
468 3203 617 3289 ambigua
634 3204 690 3269 sed
708 3204 836 3291 cognitu
853 3226 917 3270 non
933 3202 1071 3270 absurda
1088 3225 1231 3289 promere
1249 3205 1336 3270 libet.

311 3320 436 3362 sacrum
455 3295 523 3361 Soli
540 3297 574 3360 id
591 3297 706 3363 animal
724 3307 755 3363 et
773 3319 825 3364 ore
844 3321 881 3364 ac
899 3297 1047 3364 distinctu
1064 3298 1230 3385 pinnarum
1248 3322 1268 3363 a
1285 3321 1337 3364 ce-

310 3392 383 3456 teris
401 3388 514 3454 avibus
532 3390 692 3456 diversum
710 3393 907 3458 consentiunt
924 3394 978 3478 qui
1000 3393 1134 3460 formam
1156 3394 1224 3460 eius
1247 3395 1338 3460 effin-

309 3504 381 3547 aere
387 3506 397 3560 3
423 3482 463 3546 de
484 3503 614 3547 numero
636 3506 789 3550 annorum
807 3486 894 3552 varia
911 3488 1087 3554 traduntur:
1114 3489 1251 3554 maxime
1267 3489 1337 3554 vul·

308 3586 418 3664 gatum
435 3574 676 3661 quingentorum
699 3578 849 3664 spatium3
877 3592 951 3647 sunt
968 3582 1022 3666 qui
1044 3583 1230 3648 adseverent
1251 3581 1335 3647 mille

309 3669 554 3757 quadringentos
578 3671 743 3758 sexaginta
763 3695 862 3740 unum
883 3674 1018 3754 interici,
1045 3676 1227 3762 prioresque
1245 3675 1335 3742 alites

311 3765 460 3834 Sesoside
478 3763 623 3850 primum,
642 3775 714 3852 post
730 3766 885 3834 Amaside
902 3768 1150 3848 dominantibus,
1169 3770 1242 3834 dein
1259 3767 1335 3834 Pto-

308 3862 429 3928 lemaeo
447 3860 559 3945 quiex
575 3859 804 3928 Macedonibus
823 3864 931 3929 tertius
948 3863 1107 3952 regnavit,
1125 3864 1159 3928 in
1177 3864 1333 3930 civitatem

308 3958 359 4024 cui
375 3955 553 4042 Heliopolis
571 3978 686 4022 nomen
704 3958 915 4037 advolavisse,
938 3959 1037 4041 multo
1055 3969 1229 4025 ceterarum
1246 3958 1334 4023 volu-

308 4071 395 4116 erum
418 4050 567 4117 comitatu
589 4075 704 4117 novam
726 4053 840 4118 faciem
864 4052 1053 4120 mirantium.
1086 4053 1143 4118 sed
1165 4052 1332 4137 antiquitas

308 4143 433 4226 quidem
461 4144 608 4211 obscura:
636 4147 716 4212 iuter
737 4146 954 4214 Ptolemaeum
980 4170 1017 4216 ac
1039 4146 1203 4213 Tiberium
1229 4145 1332 4212 minus
