2958 4960
338 461 382 528 54
690 469 872 529 CORNELII
886 471 1013 530 TACITI

1254 575 1274 605 ι.
1285 577 1305 606 u.
1316 567 1362 609 tte.

338 653 400 716 que
422 628 615 695 meminisset
636 650 716 712 quae
739 629 824 694 venti
841 639 873 694 et
894 629 1023 709 fluetus,
1046 629 1132 696 nulla
1148 631 1238 697 ducis
1261 634 1363 719 eulpa,

338 723 448 810 gravia
459 733 564 788 tamen
581 731 612 788 et
630 743 725 790 saeva
741 722 856 788 damna
867 724 1055 790 intulissent.
1079 727 1235 791 senories
1252 750 1274 793 a
1290 729 1365 794 divo

338 817 487 905 Augusto
508 817 542 881 in
564 813 767 883 Germaniam
791 815 923 882 missum
945 818 1036 903 plura
1057 819 1187 885 consilio
1213 843 1311 904 quam
1331 821 1365 886 vi

337 911 521 998 perfecisse3
536 909 581 976 sie
596 908 790 996 Sugambros
803 910 836 974 in
850 911 1040 976 deditionem
1052 922 1207 999 acceptos,
1222 914 1269 979 sie
1284 912 1364 980 Sue-

337 1003 395 1071 bos
420 1025 590 1091 regemque
615 1001 848 1068 Maroboduum
878 1027 956 1089 pace
982 1005 1180 1071 obstrictum:
1210 1029 1307 1092 posse
1333 1018 1363 1072 et

339 1099 517 1167 Cheruscos
531 1109 711 1182 ceterasque
723 1097 886 1164 rebellium
899 1108 1019 1186 gentes,
1038 1101 1186 1185 quoniam
1198 1101 1363 1168 Romanae

338 1192 448 1259 ultioni
461 1191 637 1258 consultum
655 1199 712 1269 est,
730 1191 858 1258 internis
873 1193 1035 1259 discordiis
1048 1195 1190 1278 relinqui.
1214 1204 1363 1280 precante

340 1285 528 1352 Germanico
553 1306 670 1350 annum
701 1283 872 1350 efficiendis
899 1287 1017 1373 coeptis
1048 1288 1150 1353 acrius
1176 1288 1365 1354 modestiam

338 1379 406 1445 eius
420 1377 600 1465 adgreditur
611 1377 744 1444 alterum
757 1378 954 1444 consulatum
968 1379 1137 1458 offerendo,
1152 1381 1241 1446 cuius
1255 1383 1364 1447 munia

338 1495 485 1557 praesens
503 1471 617 1548 obiret;
641 1471 733 1536 simul
755 1473 953 1552 adnectebat,
978 1473 1005 1539 si
1021 1475 1103 1540 foret
1124 1475 1226 1539 adhue
1244 1474 1364 1541 bellan-

338 1567 423 1643 dum,
441 1565 628 1648 relinqueret
640 1566 803 1631 materiem
816 1566 916 1632 Drusi
928 1567 1032 1632 fratris
1046 1568 1173 1655 gloriae,
1193 1569 1257 1652 qui,
1276 1570 1364 1635 nullo

338 1669 406 1723 tum
422 1659 485 1723 alio
502 1657 606 1737 hoste,
629 1680 694 1724 non
711 1659 773 1725 nisi
789 1661 874 1746 apud
893 1658 1078 1727 Germanias
1101 1663 1231 1746 adsequi
1247 1685 1365 1728 nomen

338 1752 570 1838 imperatorium
585 1762 616 1818 et
628 1753 791 1838 deportare
804 1754 943 1820 lauream
955 1764 1073 1839 posset
1096 1755 1181 1821 haud
1198 1765 1364 1822 cunctatus

339 1857 387 1912 est
404 1847 485 1912 ultra
504 1843 721 1926 Germanicus,
740 1869 931 1932 quamquam
947 1850 1025 1936 fingi
1042 1872 1080 1914 ea
1097 1872 1193 1934 seque
1210 1872 1267 1936 per
1283 1851 1366 1916 invi·

338 1941 423 2006 diam
440 1950 528 2026 parto
545 1941 610 2006 iam
627 1941 731 2007 decori
748 1940 888 2007 abstrahi
904 1943 1107 2030 intellegeret.

288 2057 320 2105 27
404 2033 473 2101 Sub
496 2035 581 2102 idem
602 2045 726 2122 tempus
749 2057 767 2100 e
784 2035 903 2101 familia
922 2034 1158 2116 Scriboniorum
1175 2036 1259 2103 Libo
1277 2037 1366 2104 Dru-

339 2152 393 2196 sus
406 2129 545 2194 detertur
558 2130 659 2195 moliri
668 2152 718 2196 res
727 2152 839 2195 novas:
854 2130 921 2195 eius
935 2131 1053 2217 negotii
1065 2131 1196 2208 initium,
1211 2131 1365 2208 ordinem,

339 2225 433 2288 finem
454 2224 591 2289 curatius
615 2225 782 2302 disseram,
805 2225 879 2308 quia
900 2234 967 2290 tum
988 2226 1124 2311 primum
1144 2235 1267 2312 reperta
1290 2238 1366 2292 sunt

233 2369 238 2380 ,
338 2338 418 2401 quac
435 2339 493 2402 per
510 2326 560 2382 tot
572 2340 671 2382 annos
688 2317 930 2401 rempublicam
947 2319 1088 2384 exedere.
1110 2319 1246 2384 Firmius
1262 2319 1365 2386 Catus

339 2417 475 2486 senator,
495 2429 535 2490 ex
551 2410 661 2474 intima
677 2410 810 2475 Libonis
830 2412 979 2490 amicitia,
1002 2413 1148 2478 iuvenem
1165 2412 1366 2499 inprovidum

338 2511 370 2566 et
386 2500 512 2566 facilem
533 2501 677 2567 inanibus
696 2503 737 2567 ad
755 2502 986 2569 Chaldaeorum
1008 2506 1177 2591 promissa,
1198 2529 1366 2593 magorum

338 2615 436 2672 sacra,
456 2595 648 2660 somniorum
660 2596 754 2662 etiam
766 2597 950 2683 interpretes
967 2599 1100 2685 impulit,
1119 2601 1194 2664 dum
1210 2622 1366 2686 proavum

338 2686 540 2772 Pompeium,
564 2689 691 2754 amitam
711 2687 922 2769 Scriboniam,
945 2715 1025 2776 quae
1047 2694 1205 2778 quondam
1221 2692 1366 2780 Augusti

339 2781 475 2846 coniunx
491 2781 603 2861 fuerat,
623 2783 826 2850 consobrinos
846 2785 1011 2865 Caesares,
1028 2788 1154 2874 plenam
1171 2787 1364 2874 imaginibus

338 2876 466 2940 domum
479 2885 615 2943 ostentat
626 2877 828 2962 hortaturque
846 2880 887 2944 ad
899 2880 1010 2945 luxum
1027 2890 1059 2950 et
1075 2904 1128 2948 aea
1146 2882 1292 2958 alienum,
1313 2905 1365 2947 so-

338 2969 405 3036 cius
426 2969 592 3036 libidinum
609 2981 641 3037 et
661 2974 896 3051 necessitatum,
919 2995 983 3057 quo
1003 2974 1146 3061 pluribus
1167 2975 1289 3040 indiciis
1312 2976 1364 3039 in·

288 3083 320 3134 28
337 3064 457 3152 ligaret
480 3075 516 3130 ut
533 3066 608 3132 satis
625 3067 753 3132 testium
770 3076 801 3132 et
818 3067 873 3153 qui
886 3068 969 3132 servi
981 3069 1091 3134 eadem
1108 3077 1273 3134 noscerent
1289 3089 1364 3154 rep·

337 3160 430 3245 perit,
450 3159 569 3224 aditum
586 3162 628 3226 ad
643 3163 816 3248 principem
832 3161 983 3246 postulat,
1003 3163 1214 3227 demonstrato
1233 3162 1363 3226 crimine

338 3261 370 3317 et
385 3274 439 3318 reo
456 3274 513 3337 per
528 3253 679 3320 Flaccum
696 3254 928 3333 Vescularium,
948 3256 1084 3339 equitem
1101 3255 1292 3332 Romanum,
1312 3255 1364 3320 cui

337 3345 464 3428 propior
489 3367 561 3410 cum
587 3346 714 3412 Tiberio
739 3371 816 3412 usus
843 3358 918 3414 erat
955 3348 1075 3415 Caesar
1102 3349 1252 3414 indicium
1277 3347 1364 3413 haud

255 3460 258 3466 ’
338 3445 521 3519 aspernatus
544 3459 733 3523 congressus
752 3440 875 3505 abnuit:
897 3463 992 3527 posse
1015 3444 1098 3508 enim
1119 3444 1230 3508 ecdem
1246 3442 1365 3508 Flacco

337 3527 525 3594 internuntio
548 3552 707 3597 sermones
731 3555 915 3600 commeare.
944 3545 1038 3621 atque
1059 3539 1184 3603 interim
1204 3537 1365 3602 Libonem

337 3630 427 3686 ornat
446 3631 605 3708 praetura,
629 3625 823 3693 convictibus
841 3629 982 3708 adhibet,
1005 3654 1068 3697 non
1087 3631 1178 3696 vultu
1200 3631 1364 3708 alienatus,

337 3741 402 3785 non
423 3718 527 3785 verbis
549 3722 747 3787 commotior:
771 3724 850 3788 adeo
872 3724 950 3789 iram
973 3727 1167 3805 condiderat3
1190 3735 1364 3808 cunctoque

339 3814 406 3878 eius
424 3813 506 3878 dicta
523 3813 683 3900 factaque,
702 3837 775 3882 eum
792 3817 956 3903 prohibere
973 3830 1095 3904 posset,
1115 3821 1195 3886 scire
1211 3818 1363 3884 malebat:

338 3908 437 3973 donec
454 3908 564 3974 Iunius
582 3910 723 3994 quidam,
747 3920 916 3997 temptatus
934 3922 969 3977 nt
989 3913 1128 3979 infernas
1149 3912 1278 3978 umbras
1296 3933 1367 3977 ear-

338 4001 473 4068 minibus
496 4003 633 4083 eliceret,
657 4006 698 4070 ad
714 4005 891 4070 Fulcinium
909 4006 1059 4072 Trionem
1075 4007 1225 4072 indicium
1241 4005 1363 4070 detulit

338 4094 459 4160 celebre
472 4096 552 4162 inter
564 4109 762 4166 accusatores
776 4100 901 4166 Trionis
916 4101 1077 4187 ingenium
1090 4110 1156 4166 erat
1173 4100 1364 4184 avidumque

338 4186 441 4252 famae
458 4189 572 4254 malae:
596 4194 701 4258 statim
719 4195 844 4281 corripit
860 4217 962 4273 reum,
986 4195 1051 4260 adit
1073 4193 1231 4272 eonsules,
1255 4193 1364 4280 ecgni-
