2958 4960
404 455 611 514 ANNALIUM
628 457 703 512 ΗΒ.
715 458 739 512 1.
755 459 875 513 52-55.
1108 451 1152 516 29

123 549 285 601 amum

122 628 289 694 extorrem,
306 615 460 694 infamem
478 623 510 680 et
525 623 598 699 post
613 614 811 680 interfectum
828 615 1015 684 Postumum
1031 620 1151 707 Agrip-

120 735 194 798 pam
213 711 317 776 omnis
336 708 813 794 speiegenaminopiaactabe
829 711 1076 797 longaprremd,
1093 716 1151 780 ob-
1262 769 1268 776 .

121 827 248 870 scuram
268 804 345 868 fore-
363 824 475 867 necem
495 802 722 888 longinquitate
743 804 829 868 exilii
849 816 946 869 ratus.
976 829 1035 890 par
1053 830 1150 873 musa

120 899 271 964 saevitiae
297 899 332 961 in
355 894 576 982 Sempronium
598 893 794 973 Gracchum,
819 899 875 981 qui
898 899 1019 964 familia
1041 901 1149 978 nobili,

120 992 230 1058 sollers
248 992 378 1077 ingenio
395 1000 428 1055 et
443 1012 540 1076 prave
561 989 731 1067 facundus,
754 993 887 1056 eandem
902 993 1018 1058 Iuliam
1033 995 1067 1058 in
1083 1019 1149 1060 ma

119 1087 265 1151 trimonio
279 1085 384 1150 Marci
396 1083 560 1170 Agrippae
572 1094 792 1163 temeraverat3
809 1088 908 1151 necis
924 1087 1046 1152 libidini
1061 1087 1148 1154 finis:

120 1181 267 1244 traditam
286 1179 415 1244 Tiberio
436 1178 584 1263 pervicax
605 1178 729 1242 adulter
752 1181 949 1246 contumacia
969 1192 1002 1246 et
1017 1183 1099 1246 odiis
1115 1183 1149 1247 in

120 1276 269 1339 maritum
286 1272 489 1348 accendebat,
506 1272 690 1355 litteraeque
706 1295 786 1356 quas
802 1273 886 1338 Iulia
900 1276 982 1360 patri
997 1275 1148 1364 Augusto

122 1391 191 1433 cum
212 1369 423 1434 insectatione
445 1367 565 1432 Tiberii
587 1368 725 1452 scripsit,
747 1392 769 1432 a
789 1366 935 1434 Graoebo
955 1373 1147 1457 compositae

121 1463 344 1540 credebantur3
365 1463 463 1548 igitur
478 1471 601 1526 amotus
620 1461 800 1540 Cercinam,
822 1463 926 1528 Afiici
946 1467 1042 1530 maris
1059 1467 1147 1532 insu-

119 1556 195 1635 lam,
218 1557 472 1641 quattuordecim
493 1556 583 1620 annis
605 1555 734 1620 exilium
754 1557 910 1622 toleravit:
935 1569 1012 1624 trmc
1031 1561 1146 1626 milites

120 1651 160 1714 ad
176 1652 310 1716 caedem
322 1650 411 1716 missi
422 1650 570 1714 invenere
586 1650 620 1712 in
631 1651 818 1733 prominenti
829 1652 928 1719 litoris
940 1654 1018 1718 nihil
1028 1655 1146 1719 laetum

120 1745 349 1830 opperientem3
374 1765 509 1828 quornm
530 1744 668 1807 adventu
694 1741 789 1809 breve
814 1756 939 1832 tempus
959 1749 1084 1833 petivit,
1109 1760 1147 1814 ut

120 1861 268 1924 suprema
288 1838 439 1902 mandata
460 1837 550 1902 uxori
566 1836 717 1902 Alliariae
737 1861 795 1924 per
814 1839 933 1905 litteras
954 1843 1057 1919 daret,
1078 1863 1146 1906 oer-

119 1921 282 2016 viecmqu'e
308 1931 546 2017 percussoribus
571 1930 697 2009 obtulit,
727 1935 903 1998 constantia
926 1936 1036 2000 mortis
1060 1936 1147 2000 haud

119 2026 267 2113 indignus
286 2025 475 2112 Sempronio
495 2026 637 2090 nomine:
658 2027 724 2090 vita
739 2028 992 2113 degeneraverat.
1017 2029 1146 2111 qnidam

119 2143 180 2186 non
200 2121 309 2186 Roma
330 2143 384 2186 eos
406 2121 521 2184 milites
543 2120 601 2184 sed
621 2120 663 2185 ab
683 2121 726 2184 L.
743 2119 937 2205 Asprenate,
957 2123 1146 2207 proconsule

120 2214 262 2292 Africae,
289 2213 406 2280 missos
432 2214 600 2291 tradidere,
627 2224 755 2278 auctore
780 2215 922 2293 Tiberio,
947 2217 1003 2300 qui
1027 2216 1146 2282 sauram

121 2309 222 2374 caedis
240 2329 338 2394 posse
354 2308 388 2372 in
404 2306 616 2392 Asprenatem
632 2308 712 2372 verti
728 2308 846 2374 frustra
862 2321 1051 2395 speraverat.

179 2402 273 2467 Idem
291 2425 393 2466 annus
406 2425 507 2466 novas
521 2402 725 2466 caerimonias
737 2404 859 2489 accepit
870 2405 977 2471 addito
989 2405 1144 2470 sodalium
1162 2429 1195 2475 ss

120 2495 346 2582 Augustalium
363 2495 546 2571 sacerdotio,
563 2504 600 2559 ut
615 2496 775 2579 quondam
792 2497 832 2561 Τ.
846 2497 958 2564 Tatius
974 2500 1144 2566 retinendis

122 2588 311 2654 Sabinorum
329 2590 425 2654 sacris
444 2589 568 2654 sodales
586 2589 687 2654 Titios
704 2590 895 2678 maduerat,
918 2603 1001 2658 sorte
1021 2595 1144 2658 dnctie

120 2684 307 2769 primoribus
330 2685 464 2749 civitatis
480 2707 563 2750 unus
586 2693 618 2750 et
638 2685 764 2770 viginti3
786 2687 932 2753 liberius
952 2689 1143 2773 Dnrsusque

120 2789 149 2842 et
165 2778 322 2844 Claudius
344 2789 376 2843 et
394 2777 601 2844 Germanicus
624 2779 808 2844 adiciuntur.
834 2781 926 2848 ludos
947 2781 1144 2869 Augustales

120 2873 338 2958 tuncprimum
347 2885 473 2959 coeptos
482 2873 619 2938 turbavit
627 2874 783 2939 discordia
795 2897 836 2939 ex
843 2877 1012 2941 certamine
1019 2877 1145 2942 histrio-

120 2989 207 3045 num;
224 2966 399 3032 indulserat
415 2969 446 3032 ei
462 2966 582 3032 ludicro
598 2967 781 3054 Augustus,
798 2970 877 3032 dum
892 2969 1070 3034 Maecenati
1088 2970 1146 3034 ob-

120 3071 271 3146 temperat
288 3061 390 3127 effuso
406 3062 441 3126 in
457 3083 595 3126 amorem
611 3062 767 3146 Bathylli3
788 3084 891 3144 neque
906 3063 977 3147 ipse
997 3061 1146 3126 abhorre-

120 3153 170 3218 bat
187 3153 305 3220 talibus
324 3156 448 3234 studiis,
472 3167 504 3220 et
524 3157 615 3220 civile
635 3156 765 3221 rebatur
784 3157 911 3220 misceri
932 3155 1145 3240 voluptatibus

120 3249 218 3335 vulgi:
237 3249 300 3314 alia
315 3249 442 3316 TiberIo
454 3273 577 3315 morum
593 3251 660 3327 via3
678 3249 736 3315 sed
748 3250 901 3335 populum
912 3272 971 3335 per
986 3259 1033 3314 tot
1045 3272 1145 3314 annos

120 3344 252 3408 molliter
268 3342 411 3408 habitum
427 3345 568 3410 nondum
584 3344 721 3409 audebat
737 3345 779 3409 ad
795 3344 921 3409 duriora
936 3354 1067 3409 vertere.

178 3438 291 3504 Druso
301 3437 455 3517 Clusina,
470 3438 509 3504 C.
517 3439 667 3505 Noansao
681 3440 862 3505 oonsulibus
875 3440 1052 3504 decernitur
1064 3437 1145 3506 Ger·
1163 3462 1196 3508 55

119 3533 240 3598 manico
249 3533 426 3618 triumphus
434 3544 579 3598 manente
591 3533 690 3611 bcllo;
702 3535 789 3618 quod
803 3556 993 3619 quamquam
1001 3535 1035 3598 in
1043 3545 1146 3600 aesta-

119 3637 180 3690 tem
198 3650 324 3692 summa
336 3650 395 3712 ope
407 3627 548 3713 parabat,
565 3628 654 3692 initio
670 3629 753 3694 veris
771 3639 803 3694 et
817 3631 981 3716 repentino
997 3631 1032 3694 in
1046 3628 1144 3694 Chat-

119 3730 165 3784 tos
174 3723 312 3785 excursu
323 3723 495 3807 praecepit,
508 3746 584 3786 nam
592 3744 664 3807 spes
673 3723 844 3789 incesserat
855 3724 1008 3788 dissidere
1020 3722 1143 3786 hostem

118 3814 150 3877 in
169 3813 352 3879 Arminium
376 3839 415 3881 ac
438 3815 617 3903 Segestem,
643 3817 800 3904 insignem
825 3827 992 3900 utrumque
1013 3815 1145 3900 perfidia

118 3907 149 3970 in
168 3931 228 3974 nos
247 3920 303 3973 aut
323 3910 401 3976 fide:
421 3910 586 3976 Arminius
608 3911 749 3976 turbator
766 3909 969 3988 Germaniae3
993 3907 1144 3995 Segestes

118 4003 220 4085 parari
235 4002 441 4070 rebellionem
462 4027 556 4089 saepe
578 4004 655 4069 alias
673 4014 705 4068 et
722 4027 870 4090 supremo
892 4003 1050 4082 convivio,
1071 4013 1144 4090 post

118 4097 201 4178 quod
217 4097 253 4162 in
270 4121 359 4162 arma
378 4099 472 4175 itum,
498 4098 620 4183 aperuit
641 4098 802 4182 suasitque
819 4097 906 4163 Varo
923 4108 959 4163 ut
980 4120 1015 4162 se
1033 4107 1064 4163 et
1080 4097 1144 4164 Ar-

119 4190 248 4256 minium
265 4202 299 4256 et
315 4200 435 4257 ceteros
448 4214 593 4278 proceres
606 4190 750 4257 vinciret:
767 4191 846 4258 nibil
859 4215 1006 4258 ausuram
1017 4192 1143 4278 plebem
