2960 4962
294 453 297 464 '
343 443 405 508 122
691 449 873 508 CORNELII
887 447 1018 506 TAOITI

1256 553 1275 583 ι.
1286 555 1306 584 u.
1318 547 1375 586 are.

340 612 465 688 adultus
487 609 568 674 inter
590 615 728 672 extorres
747 615 778 670 et
799 604 973 671 liberalium
996 607 1108 672 artium
1130 609 1268 687 nescios,
1291 635 1374 677 mox

339 728 396 791 per
408 702 551 768 Africam
569 722 607 766 ae
620 698 760 765 Siciliam
777 699 926 763 mumndo
944 699 1086 765 sordidas
1103 721 1223 768 merces
1242 713 1374 768 susten-

339 798 476 873 tabatur;
503 815 604 877 neque
630 802 736 858 tamen
749 791 872 877 ,effugit
893 814 1026 878 magnae
1047 792 1192 859 fortunae
1216 796 1370 880 pericula,

339 914 377 957 ae
398 890 431 954 ni
453 887 565 954 Aelius
587 887 702 951 Lamia
724 895 756 950 et
776 887 817 949 L.
840 886 1016 970 Apronius,
1043 888 1097 969 qui
1118 886 1263 958 Africam
1285 890 1372 955 obti-

338 992 485 1060 nuerant,
502 983 657 1047 insontem
674 979 896 1064 protexissent,
923 977 1105 1048 claritudine
1123 981 1252 1049 infausti
1269 1006 1370 1070 gene-

338 1079 381 1142 ris
400 1086 431 1142 et
446 1075 584 1162 paternis
602 1074 742 1140 adversis
759 1072 841 1138 foret
858 1071 1042 1140 abstractus.

290 1195 321 1240 14
402 1171 436 1235 Is
455 1190 578 1253 quoque
597 1190 696 1232 annus
718 1164 890 1252 legationes
909 1163 1101 1232 Graecarum
1119 1169 1292 1234 civitatium
1310 1171 1367 1236 ha-

338 1265 420 1342 buit,
446 1261 562 1329 Samiis
579 1261 726 1337 Iunonis,
750 1258 826 1324 Cois
848 1257 1033 1346 Aeacidapii
1054 1261 1184 1326 delubro
1204 1271 1364 1328 'vetustum

339 1358 419 1444 asyli
440 1357 489 1423 ius
508 1366 543 1420 ut
559 1355 734 1420 firmaretur
750 1352 941 1438 petentibus=
967 1351 1066 1420 Samii
1088 1355 1211 1420 decreto
1228 1354 1365 1441 Amphi·

338 1461 487 1536 ctyonum
503 1449 694 1524 nitebantur,
717 1448 788 1531 quis
805 1446 1008 1532 praecipuum
1022 1446 1085 1514 -fuit
1102 1469 1205 1513 rerum
1223 1449 1362 1514 omnium

337 1544 488 1608 iudicium
505 1563 569 1626 qua
586 1549 770 1625 tempestate
789 1537 904 1606 Graeci
925 1540 1057 1606 conditis
1074 1563 1131 1626 per
1147 1541 1261 1607 Asiam
1277 1542 1363 1616 urbi·

337 1637 397 1702 bus
415 1658 471 1702 ora
487 1635 582 1700 maris
599 1633 805 1719 potiebantur.
832 1655 934 1716 neque
951 1633 1057 1718 dispar
1078 1636 1162 1720 apud
1181 1634 1266 1700 Coos
1285 1635 1364 1700 anti·

338 1730 450 1813 quites,
470 1737 501 1794 et
518 1727 687 1793 accedebat
701 1727 846 1791 meritum
859 1749 899 1792 ex
915 1727 998 1792 loeo:
1016 1750 1090 1792 nam
1103 1728 1187 1794 cives
1201 1727 1362 1794 Romanos

338 1822 454 1908 templo
472 1821 656 1906 Aesculapii
672 1821 873 1897 induxerant,
896 1841 968 1884 cum
984 1821 1074 1886 iussu
1095 1821 1178 1906 regis
1196 1820 1363 1886 Mithrida-

337 1917 377 1984 tis
395 1917 479 2001 apud
496 1925 623 1980 cunctas
642 1914 740 1980 Asiae
758 1914 877 1980 insulas
895 1923 927 1978 et
943 1913 1036 1980 urbes
1054 1916 1290 1980 trucidarentur.

401 2010 506 2076 Variis
529 2010 641 2076 dehinc
663 2019 694 2074 et
717 2009 841 2094 saepius
864 2008 963 2073 inritis
985 2018 1162 2094 praetorum
1188 2009 1362 2092 questibus,

337 2115 495 2191 postremo
515 2103 634 2169 Caesar
652 2105 691 2170 de
708 2102 896 2168 inmodestia
912 2099 1098 2168 histrioirum
1113 2103 1245 2172 rettulit:
1264 2104 1363 2168 multa

337 2199 377 2264 ab
399 2200 438 2264 iis
461 2199 493 2263 in
515 2198 676 2283 publicum
699 2197 860 2273 seditiose,
884 2195 977 2261 foeda
998 2219 1055 2281 per
1076 2198 1185 2263 domos
1203 2198 1363 2283 temptari;

339 2291 462 2358 Oscum
483 2292 641 2374 quondam
662 2290 831 2367 ludicrum,
854 2290 1031 2356 levissimae
1054 2292 1138 2376 apud
1159 2291 1290 2377 vulgum
1308 2292 1364 2357 ob-

336 2384 523 2461 lectationis,
548 2406 585 2449 eo
602 2383 792 2468 flagitiorum
809 2392 840 2447 et
857 2383 969 2447 virium
987 2383 1111 2448 venisse
1129 2397 1162 2449 ut
1179 2385 1363 2450 auctoritate

336 2486 459 2562 patrum
475 2478 682 2542 coercendum
701 2477 750 2542 sit.
772 2477 856 2562 pulsi
874 2486 940 2540 tum
958 2477 1122 2542 histriones
1139 2477 1240 2542 Italia.

288 2592 318 2639 15
398 2571 490 2634 Idem
507 2593 607 2635 annus
626 2571 686 2634 elio
704 2592 829 2654 quoque
850 2570 938 2634 luctu
956 2569 1126 2636 Caesarem
1143 2571 1262 2648 adficit,
1285 2573 1363 2638 alte-

335 2687 405 2728 rum
427 2686 467 2728 ex
488 2664 621 2748 geminis
639 2664 739 2729 Drusi
760 2664 867 2729 liberis
890 2665 1115 2751 extinguendo,
1138 2687 1239 2749 neque
1256 2665 1362 2732 minus

336 2767 434 2822 morte
453 2758 544 2822 amici
549 2782 558 2836 ;
576 2757 603 2822 is
618 2757 677 2822 suit
690 2758 833 2822 Lucilius
847 2757 991 2844 Longus,
1011 2759 1150 2824 omnium
1167 2759 1213 2824 illi
1225 2759 1363 2824 tristium

334 2852 548 2935 laetorumque
562 2852 666 2917 socius
680 2872 824 2936 unusque
842 2874 859 2916 e
878 2853 1073 2918 senatoribus
1086 2853 1203 2918 Rhodii
1217 2875 1362 2920 secessus

335 2967 455 3011 comes:
486 2944 530 3010 ita
555 2968 745 3030 quamquam
770 2967 853 3012 novo
883 2946 1017 3022 homini,
1049 2947 1224 3012 censorium
1254 2946 1362 3024 funus,

336 3039 473 3125 effigiem
496 3039 580 3125 apud
601 3038 704 3105 forum
723 3038 863 3124 Augusti
884 3038 1010 3123 publica
1031 3039 1164 3124 pecunia
1184 3048 1289 3124 patres
1308 3040 1363 3105 de-

336 3155 474 3210 crevere,
501 3133 586 3217 apud
607 3154 686 3216 quos
710 3133 871 3197 etiamtum
893 3141 1005 3196 cuncta
1031 3131 1255 3208 tractabantur,
1282 3133 1362 3198 adeo

335 3237 370 3291 ut
391 3235 572 3311 procurator
594 3224 692 3290 Asiae
714 3225 858 3290 Lucilius
878 3224 991 3310 Capito
1014 3235 1181 3290 accusante
1200 3225 1363 3309 provincia

336 3340 463 3383 causam
486 3317 612 3394 dixerit,
639 3340 849 3403 magnacum
870 3318 1104 3383 adseveratione
1126 3318 1274 3403 principis
1298 3342 1363 3384 non

336 3431 370 3474 se
387 3410 436 3474 ius
454 3410 515 3473 nisi
532 3410 565 3472 in
583 3411 709 3476 servitia
726 3420 757 3474 et
769 3412 918 3496 pecunias
932 3412 1100 3478 familiares
1119 3412 1243 3476 dedisse
1249 3410 1258 3490 ξ
1276 3413 1363 3496 quod

336 3502 363 3565 si
375 3501 440 3565 vim
452 3502 602 3587 praetoris
616 3513 799 3589 usmpasset
811 3505 1019 3589 manibusque
1032 3506 1165 3584 militum
1178 3528 1255 3570 usus
1269 3506 1361 3594 foret,

336 3603 440 3679 spreta
452 3595 485 3658 in
498 3617 535 3660 eo
549 3597 696 3662 mandata
710 3620 780 3662 sua:
799 3599 942 3664 audirent
955 3600 1066 3665 socios.
1089 3600 1132 3664 ita
1149 3621 1221 3666 reus
1236 3596 1362 3686 cognito

335 3689 459 3778 negotio
477 3689 654 3768 damnatum
673 3690 713 3755 ob
732 3713 826 3775 quam
843 3693 1002 3770 ultionem,
1021 3702 1053 3758 et
1070 3693 1143 3778 quia
1159 3693 1262 3778 priore
1279 3716 1361 3758 anno

335 3783 367 3848 in
394 3781 432 3848 (l.
458 3781 600 3850 Silanum
627 3784 819 3850 vindicatum
845 3795 924 3863 erat,
951 3787 1116 3852 decrevere
1141 3784 1240 3852 Asiae
1267 3786 1361 3852 urbes

335 3877 486 3962 templum
504 3877 631 3944 Tiberio
649 3879 802 3962 matrique
825 3880 892 3944 eius
910 3901 948 3944 ao
966 3880 1101 3957 senatui,
1125 3889 1156 3944 et
1172 3880 1361 3964 permissum

337 3973 486 4050 statuere3
505 3971 631 4058 egitque
644 3972 728 4038 Nero
741 3982 846 4058 grates
864 3994 903 4037 ea
920 3995 1016 4040 causa
1027 3973 1169 4059 patribus
1184 3981 1277 4055 atque
1291 3995 1360 4048 avo,

335 4063 433 4130 laetas
455 4065 535 4130 inter
557 4067 748 4131 audientium
771 4065 977 4144 adfectiones,
1001 4067 1055 4150 qui
1072 4066 1190 4134 recenti
1211 4067 1359 4130 memoria

337 4154 517 4224 Germanici
533 4159 622 4224 illum
639 4160 747 4246 aspici,
766 4159 853 4224 illum
871 4160 971 4228 audiri
988 4160 1151 4238 rebantur3
1170 4159 1361 4242 aderantque
