2960 4962
324 432 386 498 136
670 439 854 498 CORNELII
866 440 999 498 ΤΑΟΙΤΙ

1238 547 1259 576 a.
1269 548 1291 578 n.
1302 539 1349 580 trs.

322 623 386 686 quo
402 601 437 666 id
453 598 628 676 delubrum,
647 597 780 666 cessisse
785 622 795 676 ;
813 599 1064 684 monimentaque
1077 601 1144 669 eius
1162 603 1207 668 rei
1226 605 1350 690 sculpta

323 696 407 761 saxis
426 704 457 760 et
475 715 546 759 aere
563 692 667 778 prisco
683 713 810 756 manere
815 717 824 771 3
842 693 927 777 quod
944 695 973 758 si
989 703 1110 772 vatum,
1129 697 1290 762 amabam
1307 699 1349 764 ad

322 787 500 854 testimonia
529 795 692 863 vocentur,
721 786 826 871 plures
857 787 917 852 sibi
946 809 984 853 ac
1012 788 1230 874 locupletiores
1261 813 1348 871 esse3

321 904 424 966 neque
448 881 631 966 Philippum
655 880 795 964 potentia
819 881 876 946 sed
905 903 945 946 ex
969 904 1044 947 vero
1071 884 1231 963 statuisse;
1263 885 1348 950 idem

321 977 406 1062 regis
427 974 595 1061 Antigoni,
622 974 706 1039 idem
726 974 919 1060 imperatoris
941 975 1089 1042 Mummii
1109 977 1274 1057 iudicium3
1302 980 1348 1046 ric

321 1070 465 1136 Milesios
482 1068 635 1155 permisso
652 1066 777 1153 publice
794 1066 930 1148 arbitrio,
948 1081 1106 1154 postremo
1118 1069 1264 1138 Atidium
1282 1071 1348 1140 Ge-

321 1164 455 1241 minum,
486 1170 662 1249 praetorem
691 1160 846 1239 Achaiae,
877 1162 1067 1231 decrevisse:
1098 1164 1143 1229 ita
1172 1167 1347 1231 secundum

320 1257 499 1323 Messenios
526 1255 643 1320 datum.
674 1263 706 1322 et
728 1253 896 1341 Segestani
921 1257 1031 1323 aedem
1051 1257 1185 1330 Veneris
1207 1270 1346 1326 montem

321 1353 406 1438 apud
422 1351 572 1436 Erycum,
590 1359 746 1416 vetustate
764 1350 936 1435 delapsam,
952 1352 1120 1418 restaurati
1136 1353 1346 1437 postulavere,

320 1455 395 1512 nota
410 1453 618 1510 memorantes
641 1444 681 1508 de
699 1443 818 1529 origine
840 1444 907 1508 eius
925 1454 957 1510 et
974 1444 1056 1510 lacta
1073 1445 1215 1511 Tiberio:
1238 1469 1346 1512 susce-

319 1541 366 1624 pit
384 1561 490 1605 curam
506 1537 607 1605 libens
625 1546 661 1602 ut
682 1538 942 1623 consanguineus.
970 1549 1044 1604 tnnc
1061 1548 1210 1605 tractatae
1228 1539 1346 1606 Massi-

319 1632 465 1698 liensium
481 1651 600 1717 preces,
618 1630 846 1716 probatumque
862 1631 901 1696 P.
918 1631 1029 1697 Rutilii
1045 1633 1224 1719 exemplum
1229 1660 1239 1713 ;
1257 1657 1346 1699 nam·

320 1748 382 1811 que
399 1748 472 1790 eum
489 1722 612 1811 legibus
625 1724 753 1810 pulsum
770 1726 871 1792 civem
888 1725 949 1792 sibi
962 1724 1129 1812 Zmyrnaei
1142 1727 1345 1793 addiderant:

319 1844 382 1906 quo
399 1821 466 1886 iure
478 1819 644 1886 Vulcatius
657 1816 811 1885 Moschus
830 1821 903 1886 exul
919 1820 954 1884 in
965 1819 1182 1887 Massilienses
1199 1831 1346 1909 receptus

319 1916 403 1983 bona
420 1937 479 1980 sua
495 1914 541 1979 rei
556 1913 701 1999 publicae
719 1935 828 1980 eorum
845 1923 880 1978 ut
896 1914 1015 1999 patriae
1031 1914 1206 1999 reliquerat.

268 2037 302 2083 44
386 2008 504 2076 Obiere
525 2030 564 2074 eo
586 2029 668 2074 auno
689 2007 749 2074 viri
769 2007 890 2073 nobiles
910 2006 969 2073 Cn.
988 2008 1145 2074 Lentulus
1167 2018 1199 2074 et
1215 2010 1257 2074 L.
1277 2009 1346 2075 Do-

318 2107 435 2173 mitius.
457 2103 596 2169 Lentulo
615 2123 709 2189 super
727 2102 923 2168 consulatum
940 2111 971 2167 et
988 2103 1186 2188 triumphalia
1199 2105 1239 2170 de
1253 2101 1345 2170 Getis

318 2201 437 2288 gloriae
454 2199 557 2263 fuerat
574 2197 654 2263 bene
671 2195 802 2262 tolerata
817 2206 999 2282 paupertas,
1022 2196 1095 2261 dein
1114 2219 1250 2284 magnae
1269 2220 1344 2284 opes

318 2298 499 2361 innocenter
515 2302 642 2378 paratae
660 2301 692 2357 et
707 2291 848 2357 modeste
865 2289 1000 2358 habitae.
1022 2291 1198 2358 Domitium
1216 2293 1345 2358 decora-

318 2391 364 2454 vit
380 2397 469 2474 pater
486 2385 570 2450 civili
586 2384 669 2451 bello
681 2385 777 2451 maris
789 2394 912 2471 potens,
930 2386 1031 2451 donec
1043 2383 1174 2450 Antonii
1190 2386 1343 2472 partibus,

318 2505 393 2548 mox
411 2479 557 2546 Caesaris
576 2479 772 2557 misceretur3
795 2501 873 2544 avus
891 2479 1073 2545 Pharsalica
1094 2481 1161 2545 acie
1178 2503 1234 2566 pro
1253 2489 1345 2567 optu-

317 2574 453 2640 matibus
472 2573 639 2637 ceciderat:
657 2572 726 2658 ipse
739 2573 877 2638 delectus
896 2574 947 2638 cui
963 2573 1065 2638 minor
1076 2571 1225 2653 Antonia,
1246 2572 1345 2640 Octa-

317 2669 370 2733 via
386 2666 505 2754 genita,
523 2665 557 2730 in
573 2665 806 2732 matrimonium
823 2667 962 2746 daretur,
981 2677 1054 2752 post
1070 2669 1209 2733 exercitu
1225 2667 1345 2733 flumen

316 2760 427 2826 Albim
440 2759 631 2824 transcendit
643 2758 769 2848 longius
782 2769 944 2846 penetrata
958 2758 1129 2826 Germania
1145 2782 1241 2844 quam
1258 2761 1345 2845 quis·

315 2878 412 2940 quam
432 2854 586 2940 priorum;
609 2876 726 2944 easque
748 2854 789 2921 ob
810 2877 861 2920 res
883 2855 1019 2942 insignia
1041 2855 1189 2940 triumphi
1210 2856 1343 2941 adeptus

317 2949 374 3016 est.
401 2948 479 3015 obiit
500 2958 533 3013 et
552 2949 594 3014 L.
619 2946 791 3027 Antonius,
817 2950 916 3014 multa
937 2949 1119 3014 claritudine
1140 2949 1264 3036 generis
1287 2949 1344 3014 sed
1407 3019 1410 3024 ,

315 3045 512 3131 inprospera;
539 3067 613 3109 nam
633 3052 722 3129 patre
744 3043 811 3108 eius
833 3043 904 3108 Iulo
927 3041 1067 3108 Antonio
1089 3043 1130 3108 ob
1156 3043 1344 3108 adulterium

315 3139 415 3205 Iuliae
433 3148 532 3205 morte
553 3138 663 3224 punito
684 3138 768 3202 hunc
790 3137 960 3202 admodum
981 3137 1264 3214 adulescentulum,
1293 3159 1344 3202 so-

315 3235 394 3300 roris
411 3242 572 3318 nepotem,
595 3232 736 3317 seposuit
751 3230 920 3318 Augustus
937 3232 970 3296 in
987 3231 1146 3296 civitatem
1162 3230 1343 3296 Massilien-

316 3349 393 3404 sem,
412 3326 467 3391 ubi
484 3326 589 3410 specie
602 3326 775 3392 studiorum
792 3348 909 3392 nomen
926 3325 1010 3390 exilii
1027 3334 1198 3412 tegeretur3
1215 3324 1342 3390 habitus

314 3429 421 3484 tamen
437 3418 591 3502 supremis
609 3417 717 3497 honor,
737 3441 872 3503 ossaque
890 3419 1009 3490 tumulo
1024 3417 1229 3487 Octaviomm
1246 3417 1343 3482 inlata

313 3533 371 3596 per
387 3512 547 3575 decretum
566 3520 703 3578 senatus.

265 3629 296 3676 to
378 3603 486 3670 Isdem
508 3604 689 3672 consulibus
712 3607 834 3674 facinus
857 3617 946 3674 atrox
967 3609 1001 3673 in
1022 3607 1163 3673 citeriore
1185 3605 1343 3691 Hispania

313 3700 487 3768 admissum
501 3699 669 3783 aquodam
687 3703 804 3788 agresti
816 3703 951 3769 nationis
965 3702 1179 3768 Termestinae
1184 3726 1193 3780 ;
1211 3701 1238 3765 is
1252 3721 1342 3785 prae-

314 3807 413 3861 torem
430 3795 609 3881 provinoiae
625 3795 668 3860 L.
686 3795 846 3873 Pisonem,
864 3819 941 3882 pace
958 3797 1160 3874 incuriosum,
1179 3818 1219 3860 ex
1235 3795 1341 3880 inpro-

313 3891 382 3958 viso
399 3891 433 3955 in
449 3890 558 3955 itinere
577 3889 704 3956 adortus
721 3911 785 3955 nno
802 3890 930 3956 vulnere
952 3891 987 3956 in
1002 3899 1134 3957 mortem
1151 3889 1280 3966 adfecit3
1303 3909 1341 3952 ac

313 3985 494 4069 pernicitate
512 3984 586 4068 equi
606 3985 776 4071 profugus,
797 3993 966 4070 postquam
988 3985 1144 4052 saltuosos
1165 3983 1251 4050 locos
1270 3981 1341 4048 atti-

313 4087 410 4162 gerat,
425 4078 555 4143 dimisso
568 4100 650 4162 equo
658 4101 715 4164 per
726 4079 859 4165 derupta
871 4089 902 4144 et
914 4080 986 4146 avia
999 4077 1158 4164 sequentis
1171 4077 1339 4142 frustratus

313 4179 370 4234 est.
392 4193 495 4254 neque
512 4172 566 4236 diu
580 4173 705 4252 fefellit3
723 4195 796 4246 nam
809 4195 924 4260 prenso
940 4175 1098 4259 ductoque
1110 4193 1168 4257 per
1178 4170 1338 4256 proximos
