3010 4962
442 475 648 534 ANNALIUM
665 477 739 532 Lm.
757 477 779 530 I.
798 477 916 532 18-23.
1152 469 1190 532 15

164 581 184 618 p.
195 567 236 608 Ch.
249 569 281 605 14.
578 613 580 620 Ι

163 645 237 713 erat,
255 635 418 700 retinentis
431 635 627 700 centuriones
641 634 740 698 inrisu
757 646 788 699 et
806 635 1012 715 contumeliis,
1030 647 1188 724 postremo

162 729 343 795 verberibus
366 729 572 806 insectantur,
594 729 763 814 praecipua
784 729 818 793 in
834 729 1040 796 Aufidienum
1057 732 1187 811 Rufum,
1253 757 1256 770 ·

162 823 354 910 praefectum
373 831 559 901 castrorum,
583 823 642 901 ira,
665 845 760 907 quem
782 825 945 910 dereptum
963 826 1106 892 vehiculo
1124 851 1190 893 sar-

162 917 240 982 cinis
253 926 386 1003 gravant
399 927 563 1004 aguntque·
571 917 673 1002 primo
690 918 723 982 in
736 919 871 1004 agmine,
889 941 946 1004 per
957 919 1127 985 ludibrium
1139 944 1190 988 ro-

161 1014 295 1099 gitantes
314 1035 354 1076 an
372 1021 436 1076 tam
448 1012 603 1076 immensa
620 1033 723 1089 onera,
743 1022 807 1078 tam
820 1013 916 1100 longa
932 1014 1042 1079 itinera
1058 1015 1190 1081 libenter

161 1108 264 1171 ferret.
287 1106 404 1192 quippe
422 1106 527 1171 Rufus
545 1107 601 1170 diu
618 1107 837 1192 manipularis,
857 1108 930 1172 dein
947 1109 1096 1188 centurio,
1115 1132 1189 1175 mox

162 1201 270 1265 castris
283 1200 473 1286 praefectus,
492 1200 654 1283 antiquam
667 1201 839 1286 duramque
851 1201 994 1268 militiam
1011 1203 1188 1281 revocabat,

162 1294 293 1360 intentus
311 1294 415 1379 operis
434 1315 471 1358 ac
488 1293 613 1372 laboris,
633 1303 664 1359 et
682 1317 719 1360 eo
737 1295 886 1364 immitior
902 1297 976 1381 quia
993 1297 1187 1372 toleraverat.

163 1388 273 1452 horum
290 1389 429 1452 adventu
449 1388 679 1474 redintegratur
697 1389 823 1468 seditio,
846 1401 878 1456 et
895 1393 969 1478 vagi
992 1393 1189 1458 cncomitata
1206 1413 1235 1460 21

162 1481 399 1567 populabantur.
431 1481 566 1546 Blaesus
588 1481 721 1568 paucos,
748 1485 884 1549 maxime
904 1487 1022 1571 praeda
1047 1495 1186 1564 onustos,

162 1576 201 1639 ad
223 1584 373 1640 terrorem
395 1585 568 1650 ceterorum
594 1576 687 1640 adfici
712 1577 907 1657 verberibus,
936 1579 1039 1646 claudi
1065 1601 1187 1646 carcere

161 1670 261 1748 iubet3
288 1693 362 1734 nam
388 1671 481 1734 etiam
508 1679 575 1734 tum
596 1671 700 1756 legato
719 1695 738 1736 a
760 1673 993 1740 centurionibus
1016 1685 1047 1740 et
1069 1675 1187 1761 optimo

160 1786 285 1848 quoque
310 1764 551 1850 manipularium
575 1765 757 1850 parebatur:
788 1767 833 1831 illi
859 1768 957 1833 obniti
982 1768 1186 1848 trahentibus,

159 1881 307 1944 prensare
330 1859 597 1924 circumstantium
619 1881 737 1946 genua,
761 1861 842 1927 ciere
864 1863 958 1928 modo
980 1864 1107 1928 nomina
1124 1865 1188 1929 sin-

160 1953 315 2038 gulorum,
333 1953 428 2018 modo
446 1952 616 2017 centuriam
634 1953 767 2037 quisque
785 1955 873 2020 cuius
891 1956 1092 2041 manipularis
1111 1970 1196 2033 erat,

159 2047 329 2123 cohortem,
343 2047 509 2133 legionem,
524 2048 634 2112 eadem
647 2047 792 2113 omnibus
806 2049 969 2114 imminere
976 2051 1185 2130 clamitantes3

160 2141 254 2206 simul
270 2140 386 2226 probra
403 2141 436 2204 in
460 2141 600 2228 legatum
625 2142 799 2220 cumulant,
827 2144 949 2208 caelum
972 2166 1009 2208 ac
1031 2145 1107 2209 deos
1130 2145 1186 2210 ob-

160 2243 326 2312 testantur,
345 2235 422 2299 nihil
439 2235 550 2320 reliqui
566 2236 687 2301 faciunt
704 2258 767 2320 quo
785 2237 888 2302 minus
907 2238 1071 2316 invidiam,
1093 2239 1187 2304 mise-

161 2330 335 2407 ricordiam,
354 2339 474 2394 metum
492 2341 523 2395 et
538 2331 602 2396 iras
619 2341 845 2417 permoverent.
868 2333 1042 2398 adcurritur
1059 2333 1100 2399 ab
1118 2335 1186 2398 uni-

160 2424 267 2502 versis,
287 2433 319 2488 et
336 2446 458 2489 carcere
472 2424 600 2490 effracto
613 2425 738 2490 solvunt
754 2425 880 2492 vincum
897 2428 1131 2513 desertoresque
1149 2451 1187 2494 ac

159 2540 263 2582 rerum
285 2518 465 2604 capitalium
488 2519 651 2585 damnatos
674 2519 735 2584 sibi
752 2520 815 2585 iam
837 2522 978 2586 miscent.
1006 2523 1186 2610 flagrantior
1203 2545 1235 2595 2⁶2

159 2611 230 2676 inde
244 2612 303 2689 vie,
322 2613 429 2697 plures
443 2613 588 2678 seditioni
601 2614 711 2679 duces:
730 2623 761 2680 et
774 2614 951 2681 Vibulenus
965 2618 1101 2700 quidam,
1116 2641 1186 2704 gre-

159 2706 264 2791 garius
287 2707 390 2784 miles,
414 2716 490 2771 'ante
512 2707 648 2773 tribunal
668 2708 776 2773 Blaesi
798 2709 960 2776 adlevatus
983 2712 1186 2777 circumstan-

158 2800 235 2874 tium
253 2799 391 2865 humeris
409 2802 494 2887 apud
512 2801 651 2867 turbatos
669 2811 700 2866 et
718 2803 794 2886 quid
814 2815 937 2890 pararet
954 2805 1089 2870 intentos
1109 2829 1185 2886 „vos

159 2895 309 2977 quidem“
332 2895 433 2980 inquit
456 2895 525 2975 „his
542 2895 759 2961 innocentibus
778 2907 810 2961 et
830 2898 1012 2962 miserrimis
1034 2899 1137 2964 lucem
1155 2909 1186 2963 et

159 2987 301 3072 spiritum
319 2989 513 3054 reddidistis:
538 2991 595 3054 sed
613 2990 683 3074 quis
706 2989 794 3055 fratri
812 3013 883 3057 meo
900 2991 1012 3069 vitam,
1035 2993 1105 3075 quis
1122 2993 1186 3057 fra-

159 3092 236 3145 trem
250 3081 327 3147 mihi
338 3083 459 3148 reddit?
476 3106 570 3168 quem
583 3084 716 3150 missum
734 3085 777 3174 ad
788 3106 845 3149 vos
863 3109 883 3149 a
896 3082 1085 3150 Germanico
1098 3108 1186 3150 exer-

159 3176 220 3240 citu
239 3177 279 3241 de
304 3179 521 3244 communibus
545 3179 732 3257 commodis,
755 3189 847 3245 nocte
868 3179 1012 3264 proxima
1032 3180 1186 3266 iugulavit

159 3293 212 3355 per
228 3271 419 3358 gladiatores
434 3296 519 3351 suos,
537 3296 616 3357 quos
634 3274 667 3338 in
685 3273 814 3338 exitium
827 3273 962 3338 militum
978 3273 1073 3340 habet
1090 3286 1185 3358 atque

160 3376 265 3430 armat.
289 3369 455 3452 responde,
472 3368 597 3446 Blaese,
617 3367 671 3434 ubi
685 3369 819 3433 cadaver
836 3367 1001 3446 abieceris;
1013 3391 1058 3458 ne
1076 3369 1183 3434 hostes

159 3460 284 3541 quidem
303 3461 464 3545 sepultura
475 3462 624 3528 invident.
648 3485 721 3528 cum
738 3462 864 3541 osculis,
884 3485 956 3527 cum
974 3463 1109 3529 lacrimis
1128 3464 1184 3528 do-

157 3553 254 3618 lorem
276 3577 383 3620 meum
404 3557 588 3642 implevero,
611 3579 662 3622 me
683 3579 807 3641 quoque
830 3559 977 3623 trucidari
998 3559 1084 3636 iube,
1108 3559 1183 3622 dum

158 3647 336 3714 interfectos
357 3651 479 3715 nullum
501 3651 542 3716 ob
565 3651 682 3730 scelus,
710 3653 767 3717 sed
783 3652 858 3736 quia
878 3653 1003 3718 utilitati
1024 3653 1184 3738 legionum

158 3741 413 3822 consulebamus,
440 3745 472 3809 hi
500 3745 685 3830 sepeliantf‘
720 3745 907 3811 incendebat
932 3746 1010 3810 haec
1035 3745 1124 3821 fletu,
1153 3755 1183 3809 et
1202 3766 1234 3812 23

158 3843 264 3918 pectus
283 3846 377 3920 atque
395 3860 431 3904 os
449 3839 593 3906 manibus
607 3840 785 3916 verberans,
804 3862 878 3905 mox
896 3839 1033 3904 disiectis
1052 3860 1183 3921 quorum

158 3949 211 4012 per
232 3929 380 3997 humeros
404 3933 628 4013 sustinebatur,
655 3955 805 4019 praeceps
828 3942 859 3996 et
881 3933 1075 4018 singulorum
1095 3933 1183 4017 pedi-

158 4030 215 4098 bus
228 4035 396 4100 advolutus
412 4045 532 4101 tantum
546 4036 804 4102 consternationis
822 4035 1020 4119 invidiaeque
1038 4036 1180 4112 concivit,

159 4135 191 4190 ut
202 4149 275 4213 pars
289 4129 422 4194 militum
436 4132 623 4217 gladiatores
637 4133 691 4217 qui
706 4153 723 4196 e
737 4130 862 4195 servitio
874 4129 980 4195 Blaesi
995 4140 1090 4208 erant,
1108 4151 1181 4216 pars

159 4231 291 4286 ceteram
309 4223 451 4290 eiusdem
472 4224 623 4289 familiam
641 4225 806 4303 vincirent,
834 4223 885 4289 alii
908 4225 947 4288 ad
970 4225 1181 4308 quaerendum
