3042 4956
339 429 405 497 210
548 499 553 508 ,
708 435 892 494 CORNELII
905 433 1034 492 ΤᾹΟΙΤΙ

1259 541 1279 571 ι.
1289 543 1308 574 n.
1320 535 1372 576 aaa.

335 603 396 688 git3
414 599 514 665 secuti
530 618 606 662 mox
623 594 766 671 clientes,
784 603 816 658 et
832 594 969 679 acceptis
986 595 1070 680 agris
1087 596 1121 660 in
1138 595 1307 666 Pannonia
1322 602 1375 667 lo·

335 697 398 762 cati
411 703 493 760 sunt.
515 715 649 780 regnum
660 690 788 776 Vangio
805 713 843 754 ac
857 689 936 755 Sido
948 691 1028 756 inter
1046 715 1080 757 se
1093 695 1260 779 partivere,
1280 721 1375 786 egre-

336 791 390 878 gia
407 790 558 854 adversus
575 809 633 850 nos
650 785 722 862 lide,
741 784 900 862 subiectis,
918 807 1016 850 suone
1034 809 1074 850 an
1093 787 1212 854 servitii
1229 791 1372 878 ingenio,

336 887 412 949 dum
425 883 670 968 adipiscerentur
681 879 915 957 dominationis,
936 881 1036 946 multa
1048 882 1185 966 caritate,
1205 895 1238 950 et
1250 888 1372 953 maiore

337 979 424 1055 odio,
443 985 611 1063 postquam
628 973 733 1059 adepti
751 983 834 1038 sunt.

286 1095 316 1141 et
400 1071 447 1136 At
464 1071 496 1134 in
509 1068 672 1134 Britannia
684 1067 722 1132 P.
738 1065 902 1133 Ostorium
919 1089 976 1153 pro
993 1079 1135 1154 praetore
1153 1071 1301 1138 turbidae
1319 1097 1370 1140 res

337 1187 502 1252 excepere,
525 1163 635 1228 effusis
656 1163 690 1226 in
711 1185 822 1248 agrum
844 1163 999 1226 sociorum
1021 1164 1164 1230 hostibus
1187 1187 1226 1230 eo
1249 1168 1370 1232 violen-

337 1261 414 1338 tius,
437 1259 522 1343 qnod
539 1280 657 1322 novum
674 1257 787 1320 ducem
804 1257 942 1320 exercitu
960 1257 1067 1342 ignoto
1085 1267 1116 1322 et
1134 1269 1247 1344 coepta
1264 1261 1368 1325 hicme

336 1355 452 1418 iturum
470 1352 596 1418 obviam
614 1374 677 1416 non
693 1350 855 1415 rebantur:
873 1350 925 1435 ille
942 1373 1059 1437 gnarus
1072 1352 1181 1437 primis
1200 1355 1367 1420 eventibus

336 1457 454 1512 metum
472 1455 526 1510 aut
543 1445 690 1508 fiduciam
707 1444 810 1530 gigni,
833 1444 911 1508 citas
934 1445 1076 1510 cohortes
1094 1446 1189 1531 rapit,
1214 1457 1247 1511 et
1265 1449 1367 1514 caesis

335 1540 391 1623 qni
411 1539 605 1614 restiterant,
630 1537 778 1602 disiectos
800 1547 1012 1615 consectatus,
1038 1559 1079 1603 ne
1100 1561 1209 1605 rursm
1237 1542 1369 1628 conglo-

334 1635 483 1699 barentur
498 1632 684 1715 infensaque
701 1641 733 1696 et
749 1631 847 1696 infida
863 1655 927 1718 pax
944 1655 1007 1698 non
1024 1635 1107 1711 duci,
1125 1657 1190 1699 non
1207 1637 1301 1700 militi
1319 1660 1369 1701 re-

335 1728 442 1811 quiem
454 1726 656 1812 permitteret,
674 1726 837 1790 detrahere
850 1749 938 1791 arma
953 1728 1107 1812 suspectis
1125 1739 1302 1813 cunctaque
1316 1753 1369 1794 ca·

336 1822 409 1886 stris
421 1825 465 1886 od
474 1820 632 1885 Aoionam
645 1830 676 1884 et
690 1819 857 1885 Sabrinam
870 1821 982 1886 fluvios
996 1821 1141 1886 cohibere
1157 1833 1257 1907 parat
1280 1824 1369 1908 quod

335 1916 428 2002 primi
441 1915 527 1980 lceni
541 1915 687 1992 abnuere,
705 1915 810 1979 valida
822 1937 911 2000 gens,
929 1937 988 1980 neo
1000 1915 1125 2001 proehis
1139 1917 1272 1994 contusi,
1292 1919 1369 2001 quia

338 2011 519 2076 societatem
540 2019 680 2074 nostram
703 2009 842 2072 volentes
865 2019 1074 2087 accesserant3
1097 2009 1209 2093 hisque
1231 2012 1369 2076 auctori-

337 2105 397 2170 bus
415 2105 631 2170 circumiectae
644 2103 785 2168 nationes
798 2103 902 2167 locum
918 2125 1044 2190 pugnae
1057 2104 1202 2190 delegere
1220 2115 1369 2190 saeptum

337 2200 455 2285 agresti
476 2219 592 2285 aggere
614 2207 646 2262 et
667 2197 755 2262 aditu
776 2206 925 2282 angusto,
947 2219 987 2261 ne
1004 2198 1131 2282 pervius
1153 2198 1251 2281 equiti
1271 2200 1367 2264 toret.

337 2317 376 2358 ea
391 2294 585 2358 munimenta
606 2292 671 2356 dux
687 2291 865 2368 Romanus,
888 2313 1078 2376 quamquam
1102 2293 1168 2357 sine
1189 2292 1301 2358 robore
1318 2293 1369 2358 le-

336 2387 466 2472 gionum
485 2385 615 2450 sociales
633 2384 740 2469 copias
754 2385 897 2462 ducebat,
915 2407 1115 2471 perrumpere
1133 2387 1315 2474 aggreditur
1331 2397 1367 2452 et

336 2479 510 2543 distributis
536 2477 717 2543 cohortibus
739 2489 858 2544 tmmas
884 2501 1009 2564 quoque
1030 2481 1171 2565 peditum
1193 2481 1233 2544 ad
1254 2481 1368 2546 munia

335 2572 470 2657 accingit
475 2596 484 2648 ;
498 2581 573 2636 tunc
582 2571 655 2635 dato
669 2572 761 2657 signo
769 2573 968 2658 perfringunt
980 2596 1127 2660 aggerem
1142 2575 1268 2657 suisque
1276 2573 1368 2638 clau-

336 2666 407 2730 stris
424 2664 590 2748 impeditos
603 2665 739 2742 turbant,
758 2676 852 2750 atque
869 2667 914 2730 illi
932 2668 1123 2732 conscientia
1135 2667 1313 2732 rebellionis
1331 2677 1368 2732 ct

335 2758 476 2846 obseptis
494 2758 620 2844 effugiis
645 2759 745 2824 multa
757 2770 789 2824 et
801 2761 885 2826 clara
897 2761 1037 2826 facinora
1048 2762 1160 2828 fecere.
1179 2784 1242 2846 qua
1254 2785 1367 2848 pugna

334 2854 417 2919 filius
434 2853 531 2940 legati
548 2853 595 2918 M.
615 2852 763 2921 Ostorius
782 2857 897 2920 servati
914 2857 992 2922 civis
1010 2857 1107 2922 decus
1124 2858 1246 2922 meruit.

284 2973 316 3022 aa
400 2948 549 3016 Ceterum
567 2949 655 3015 clade
668 2949 833 3016 Icenorum
847 2952 1010 3037 compositi
1028 2951 1083 3036 qui
1100 2951 1217 3016 bellum
1233 2952 1315 3016 inter
1332 2961 1367 3016 et

334 3068 446 3134 pacem
467 3043 666 3123 dubitabant;
688 3055 720 3110 et
737 3045 850 3111 ductus
871 3046 945 3111 inde
963 3045 1092 3132 Cangos
1115 3046 1284 3123 exercitns3
1307 3067 1367 3110 vo·

335 3142 408 3208 stati
425 3141 507 3228 agri,
529 3141 664 3226 praedae
685 3141 803 3225 passim
826 3149 927 3217 actae,
950 3163 1015 3205 non
1035 3139 1121 3205 ausis
1143 3140 1243 3204 aciem
1263 3135 1366 3200 hosti-

333 3235 408 3310 bus,
431 3235 483 3299 vel
501 3233 527 3298 si
545 3255 586 3298 ex
603 3235 724 3300 occulto
748 3257 874 3320 carpere
896 3257 1012 3321 agmen
1033 3239 1227 3319 temptarent,
1250 3229 1364 3314 punito

333 3327 406 3388 dolo
412 3351 421 3401 ;
443 3328 568 3408 iamque
589 3337 718 3392 ventum
740 3328 826 3392 haud
845 3329 955 3414 procul
971 3328 1050 3393 mari
1071 3325 1157 3408 quod
1174 3323 1363 3388 Hiberniam

332 3418 467 3481 insulam
483 3429 633 3502 aspectat,
652 3443 724 3484 cum
738 3431 824 3485 ortae
837 3424 922 3506 apud
935 3423 1103 3507 Brigantas
1121 3418 1295 3484 discordiae
1312 3439 1364 3482 re-

331 3521 453 3576 traxere
478 3513 605 3590 ducem,
632 3514 849 3580 destinationis
875 3525 1008 3594 certum,
1034 3537 1075 3580 ne
1096 3537 1178 3580 nova
1200 3513 1365 3578 moliretur

332 3605 394 3671 nisi
415 3603 571 3691 prioribus
593 3606 733 3671 firmatis.
761 3603 793 3672 et
814 3608 983 3695 Brigantes
1005 3608 1147 3693 quidem,
1174 3607 1284 3693 paucis
1306 3607 1363 3690 qui

333 3725 420 3766 arma
437 3699 625 3786 coeptabant
645 3700 831 3780 interfectis,
854 3703 887 3766 in
903 3703 1040 3787 reliquos
1058 3701 1132 3766 data
1148 3701 1254 3778 venia,
1276 3721 1364 3765 rese-

332 3797 420 3862 dere:
440 3793 580 3862 Silurum
593 3817 671 3884 gens
686 3797 936 3875 nonatrocitate,
953 3819 1018 3862 non
1036 3795 1201 3862 elementia
1217 3793 1363 3859 mutaba-

332 3900 383 3956 tur
403 3893 480 3976 quin
501 3891 618 3958 bellum
636 3903 794 3958 exerceret
811 3893 984 3976 castrisque
1006 3891 1166 3978 legionum
1188 3887 1362 3975 premenda

330 3985 426 4065 foret;
445 3988 478 4052 id
490 4009 553 4072 quo
567 3989 741 4075 promptius
755 3987 884 4066 veniret,
899 3987 1022 4052 colonia
1037 3983 1292 4051 Camulodunum
1305 4005 1362 4045 va-

331 4075 395 4139 lida
412 4089 629 4170 veteranorum
646 4106 743 4147 manu
755 4082 920 4148 deducitur
936 4081 969 4146 in
982 4102 1075 4166 agros
1090 4077 1241 4162 captivos,
1257 4073 1362 4140 subsi-

331 4167 416 4232 dium
430 4169 581 4238 adversus
594 4175 726 4254 rebelles
740 4175 949 4241 etinbnendis
963 4173 1056 4240 sociis
1069 4173 1111 4238 ad
1124 4170 1230 4238 officia
1241 4169 1359 4257 legum.
