3020 4958
331 462 394 526 302
683 469 866 530 CORNELII
880 471 1011 526 TAClTl

1251 574 1273 602 a.
1286 575 1312 603 n.
1325 565 1380 604 817.

329 631 463 718 cupitor,
487 629 624 696 effodere
645 629 788 715 proxima
805 628 934 694 Averno
956 630 1031 715 iuga
1053 631 1201 696 connisus
1225 643 1275 696 est
1301 657 1382 696 ma-

329 736 467 810 nentque
484 723 618 812 vestigia
635 723 739 788 initae
757 724 833 809 spei.
1350 727 1355 734 ’
1378 752 1382 760 v

280 842 312 889 44
396 819 546 886 Ceterum
568 817 655 883 urbis
677 840 758 902 quae
780 819 888 882 domui
911 828 1107 905 supererant,
1130 843 1209 899 non,
1232 831 1267 886 ut
1291 833 1380 910 post

331 914 455 982 Gallica
471 913 625 990 incendia,
643 913 730 977 nulla
742 913 939 978 distinctione
957 935 1016 978 nec
1033 915 1153 1000 passim
1171 925 1286 994 erecta,
1310 915 1379 982 sed

330 1008 480 1075 dimensis
502 1007 642 1072 vicorum
664 1006 825 1072 ordinibus
848 1007 967 1072 stlatis
985 1008 1108 1074 viarum
1126 1010 1250 1094 spatiis,
1275 1011 1378 1076 cohi-

331 1105 457 1188 bitaque
479 1101 691 1168 aedificiorum
709 1101 870 1166 altitudine
892 1124 929 1166 ac
947 1101 1112 1188 patefactis
1131 1104 1211 1169 areis
1230 1105 1377 1170 additis-

331 1220 393 1284 que
413 1196 584 1283 porticibus
607 1217 688 1280 quae
710 1197 844 1262 frontem
865 1196 1039 1261 insularum
1065 1207 1275 1286 protegerent.
1311 1223 1375 1265 eas

330 1292 468 1378 porticus
482 1290 566 1356 Nero
584 1313 642 1356 sua
657 1290 792 1376 pecunia
809 1300 1022 1356 extructurum
1039 1302 1252 1378 purgatasque
1272 1317 1375 1359 areas

331 1386 465 1451 dominis
483 1385 667 1450 traditurum
684 1385 840 1470 pollicitus
857 1395 914 1449 est
938 1385 1058 1450 addidit
1075 1388 1214 1472 praemia
1230 1411 1291 1473 pro
1311 1412 1376 1454 cu-

331 1481 443 1564 iusque
464 1479 573 1544 ordine
595 1489 626 1543 et
647 1479 693 1544 rei
718 1478 885 1556 familiaris
907 1479 1019 1564 copiis,
1046 1479 1207 1565 finivitque
1235 1491 1373 1568 tempus

329 1576 411 1639 intra
432 1574 517 1657 quod
538 1572 659 1638 effectis
682 1572 826 1638 domibus
849 1583 903 1637 aut
925 1573 1036 1639 insulis
1058 1575 1283 1660 apiscerentur.
1311 1600 1373 1641 ru·

331 1667 398 1731 deri
418 1667 602 1752 accipiendo
621 1665 788 1733 Ostienses
810 1668 942 1752 paludes
965 1669 1156 1747 destinabat,
1180 1670 1290 1754 utique
1308 1695 1372 1734 na-

329 1782 396 1839 ves,
414 1781 496 1845 quae
508 1761 700 1829 frumentum
714 1760 821 1826 Tiberi
836 1760 1084 1841 subvectassent,
1104 1774 1235 1830 onustae
1247 1767 1369 1830 rudere

330 1855 543 1932 decurrerent,
561 1854 765 1939 aedificiaque
778 1856 848 1941 ipsa
866 1866 951 1922 certa
969 1857 1018 1922 sui
1036 1867 1123 1943 parte
1138 1859 1204 1923 sine
1218 1859 1369 1924 trabibus

331 1972 409 2016 saxo
428 1946 553 2015 Gabino
567 1948 734 2015 Albanove
752 1950 968 2029 solidarentur,
987 1953 1072 2036 quod
1089 1952 1116 2016 is
1134 1945 1214 2038 lapis
1233 1952 1367 2039 ignibus

331 2045 501 2131 impervius
515 2055 577 2122 est3
595 2045 658 2110 iam
672 2066 753 2128 aqua
765 2045 958 2130 privatorum
970 2046 1096 2112 licentia
1108 2047 1280 2132 intercepta
1297 2069 1367 2130 quo

331 2139 448 2226 largior
464 2149 496 2204 et
512 2138 654 2225 pluribus
675 2138 753 2204 locis
770 2139 803 2204 in
820 2138 980 2224 publicum
998 2140 1121 2218 llueret,
1145 2142 1307 2219 custodes;
1334 2152 1368 2205 et

333 2233 474 2300 subsidia
494 2233 697 2319 reprimendis
719 2233 846 2320 ignibus
868 2233 901 2298 iu
921 2234 1086 2319 propatulo
1109 2235 1241 2318 quisque
1264 2233 1367 2300 habe-

331 2338 393 2407 ret,
411 2349 470 2393 nec
488 2328 706 2393 communione
727 2328 881 2413 parietum
903 2328 961 2393 sed
977 2328 1111 2414 propriis
1129 2350 1272 2412 quaeque
1291 2351 1366 2393 mu-

331 2421 375 2486 ris
397 2419 601 2486 ambirentur:
628 2443 666 2486 ea
688 2444 726 2486 ex
752 2421 884 2488 utilitate
910 2431 1038 2507 accepta
1064 2422 1209 2487 decorem
1235 2443 1366 2506 quoque

331 2537 432 2580 novae
454 2512 524 2578 urbi
545 2515 689 2592 attulere3
717 2525 804 2580 erant
829 2525 935 2582 temen
956 2517 1011 2600 qui
1037 2516 1198 2581 crederent
1223 2524 1367 2580 veterem

331 2607 416 2671 illam
433 2607 568 2670 formam
591 2606 765 2672 salubritati
786 2609 888 2696 magis
908 2609 1111 2688 conduxisse,
1135 2609 1284 2693 quoniam
1307 2633 1367 2674 an-

330 2700 453 2788 gustiae
466 2699 611 2764 itinerum
625 2709 656 2765 et
670 2701 800 2766 altitudo
813 2711 966 2768 tectorum
984 2727 1048 2769 non
1064 2703 1194 2789 perinde
1213 2703 1288 2768 solis
1307 2725 1367 2767 va-

331 2815 405 2881 pore
418 2804 703 2882 perrumperentur:
723 2803 755 2860 at
766 2818 850 2861 nunc
862 2797 1002 2884 patulam
1015 2797 1210 2862 latitudinem
1228 2806 1258 2861 et
1276 2796 1367 2862 nulla

332 2888 444 2955 umbra
460 2888 623 2955 defensam
641 2891 784 2977 graviore
803 2901 893 2957 aestu
911 2893 1082 2958 ardescere.
1279 2955 1283 2965 ,

282 3005 315 3052 44
396 2983 440 3049 Et
457 2983 535 3050 haec
553 2985 680 3069 quidem
697 2986 841 3051 humanis
861 2986 998 3052 consiliis
1011 2985 1268 3071 providebanturz
1288 3008 1366 3050 mox

333 3079 429 3166 petita
446 3103 465 3144 a
482 3078 531 3144 dis
548 3080 672 3165 piacula
689 3080 826 3165 aditique
841 3078 980 3166 Sibyllae
998 3081 1077 3156 libri,
1097 3103 1137 3145 ex
1154 3079 1268 3164 quibus
1289 3103 1367 3165 sup-

333 3175 482 3260 plicatum
500 3173 641 3240 Volcano
659 3183 690 3239 et
708 3173 817 3242 Cereri
833 3175 1117 3260 Proserpinaeque,
1142 3197 1178 3240 ac
1196 3174 1367 3259 propitiata

333 3261 480 3345 Iunoper
492 3269 650 3325 matronas
663 3263 799 3346 primunr
811 3261 845 3325 in
855 3260 1020 3346 Capitolio,
1035 3261 1146 3326 deinde
1161 3259 1246 3345 apud
1258 3260 1368 3344 proxi-

333 3376 420 3417 mum
447 3376 546 3430 mare,
574 3355 657 3419 unde
682 3355 796 3421 hausta
821 3379 904 3440 aqua
930 3356 1081 3440 templum
1103 3363 1135 3420 et
1162 3354 1366 3419 simulacrum

333 3448 411 3544 deae
427 3469 629 3531 perspersum
648 3458 710 3525 est;
734 3461 765 3514 et
783 3450 968 3516 sellisternia
985 3473 1022 3516 ac
1043 3450 1208 3536 pervigilia
1225 3447 1368 3514 celebra-

333 3562 406 3606 vere
427 3539 563 3604 feminae
585 3540 699 3623 quibus
723 3544 826 3608 mariti
849 3554 945 3608 erant.
975 3545 1029 3610 sed
1048 3567 1112 3609 non
1134 3565 1192 3629 ope
1214 3543 1366 3620 humana,

334 3657 397 3702 non
413 3633 631 3723 largitionibus
653 3634 807 3720 principis
821 3647 875 3701 aut
892 3638 987 3702 deum
1008 3637 1213 3723 placamentis
1231 3637 1368 3701 decede-

333 3733 387 3799 bat
404 3731 543 3810 infamia,
562 3731 638 3816 quin
654 3731 776 3797 iussum
788 3732 967 3797 incendium
986 3733 1176 3810 crederetur3
1195 3753 1271 3818 ergo
1289 3731 1368 3797 abo-

333 3829 427 3895 lendo
448 3827 565 3894 rumori
582 3826 665 3894 Nero
688 3825 826 3892 subdidit
847 3849 918 3893 reos
937 3837 968 3892 et
989 3827 1229 3912 quaesitissimis
1253 3826 1367 3911 poenis

335 3915 440 3982 affecit
457 3938 537 4000 quos
554 3936 612 4001 per
629 3914 748 4002 flagitia
765 3914 883 3980 invisos
902 3914 1018 4000 vulgus
1038 3911 1236 3979 Christianos
1246 3910 1368 4004 ¹appel·

334 4011 432 4077 labat.
448 4020 556 4077 auctor
572 4010 708 4078 nominis
723 4011 789 4090 eius
800 4008 946 4075 Christus
956 4008 1084 4074 Tiberio
1097 4007 1295 4093 imperitante
1308 4027 1368 4090 per

334 4115 566 4189 procuratorem
579 4106 729 4172 Pontium
739 4105 877 4172 Pilatum
896 4103 1050 4190 supplicio
1068 4103 1200 4167 affectus
1220 4109 1296 4176 erat,
1314 4121 1367 4164 re·

335 4219 506 4283 pressaque
524 4201 557 4266 in
574 4222 722 4286 praesens
741 4199 907 4266 exitiabilis
926 4197 1104 4285 superstitio
1121 4218 1246 4261 rursum
1260 4216 1367 4258 erum·
