3020 4958
411 423 618 526 AllNALIUlI
634 469 708 524 ΜΒ.
722 471 786 527 XV.
805 471 925 526 52-54.
1120 461 1182 526 307

158 573 176 612 p.
186 561 225 602 Oh.
236 561 270 600 65.

157 631 311 711 domoque
339 625 395 692 aut
418 626 517 692 hortis
544 628 669 692 clausus
696 628 737 692 ad
762 627 883 693 ludicra
909 628 984 694 circi
1011 631 1183 697 ventitabat

155 722 425 809 promptioresque
438 722 542 786 aditus
557 731 644 786 erant
656 721 774 786 laetitia
788 723 967 808 spectaculi.
987 725 1126 790 ordinem
1135 727 1182 791 in-

155 817 240 882 sidiis
260 825 512 901 composuerant,
531 825 566 879 ut
574 816 762 893 Lateranus,
782 818 874 900 quasi
887 816 1063 883 subsidium
1075 821 1121 883 rei
1134 820 1182 884 fa

154 910 266 974 miliari
280 917 391 986 oraret,
402 909 661 994 deprecabundus
675 918 707 974 et
719 911 853 997 genibus
871 913 1019 997 principis
1037 913 1181 978 accidens

152 1012 364 1088 prosterneret
372 1003 534 1067 incautum
542 1012 769 1087 premeretque,
776 1005 871 1070 animi
880 1006 1003 1071 validus
1013 1016 1045 1070 et
1054 1027 1182 1092 corpore

151 1100 281 1184 ingens3
299 1108 366 1161 tum
383 1098 536 1162 iacentem
556 1106 587 1162 et
604 1099 789 1183 impeditum
803 1101 920 1165 tribuni
937 1109 968 1165 et
986 1102 1181 1166 centuriones

151 1204 182 1256 et
201 1202 386 1269 ceterorum,
406 1193 592 1275 utquisque
611 1193 776 1258 audentiae
793 1194 964 1272 habuisset,
983 1195 1183 1260 adcurrerent

151 1287 422 1369 trucidarentque,
440 1287 558 1371 primas
577 1287 638 1352 sibi
655 1297 760 1372 partes
779 1288 996 1374 expostulante
1016 1287 1181 1366 Scaevino,

151 1380 206 1464 qui
224 1380 397 1466 pugionem
414 1380 531 1464 templo
543 1379 661 1446 Salutis
682 1380 729 1468 [in
742 1381 883 1468 Etruria]
904 1383 980 1460 sive,
998 1393 1034 1447 ut
1051 1383 1103 1447 alii
1121 1393 1182 1447 tra-

152 1475 270 1550 didere,
288 1474 447 1538 Fortunae
460 1475 627 1540 Ferentino
645 1475 678 1540 in
695 1476 811 1560 oppido
830 1476 1006 1542 detraxerat
1023 1477 1182 1563 gestabat·

151 1590 214 1651 que
232 1568 319 1632 velut
335 1590 452 1653 magno
471 1568 558 1653 operi
576 1590 714 1646 sacrum3
733 1569 856 1634 interim
874 1569 951 1634 Piso
969 1571 1054 1656 apud
1072 1571 1181 1636 aedem

152 1662 279 1726 Cereris
299 1662 504 1747 opperiretur,
528 1661 611 1726 unde
634 1684 706 1726 eum
723 1663 900 1748 praefectus
918 1663 1055 1730 Faenius
1079 1675 1110 1730 et
1131 1688 1182 1731 ce·

151 1756 210 1820 teri
228 1755 363 1820 accitum
381 1756 498 1820 ferrent
515 1755 548 1820 in
566 1765 678 1833 cas-tra,
697 1758 863 1823 comitante
880 1757 1035 1836 Antonia,
1056 1757 1181 1825 Claudii

152 1849 301 1915 Caesaris
319 1849 392 1926 filia,
411 1851 452 1914 ad
470 1850 656 1914 eliciendum
674 1851 760 1936 volgi
777 1852 932 1929 favorem,
955 1853 1041 1936 quod
1060 1852 1097 1917 O.
1116 1853 1182 1918 Pli-

150 1944 222 2008 nius
240 1953 408 2008 memorat:
426 1943 517 2008 nobis
536 1966 662 2028 quoquo
680 1945 773 2009 modo
787 1945 935 2008 traditum
948 1968 1011 2012 non
1026 1947 1180 2009 occultare

150 2039 184 2102 in
201 2037 307 2101 animo
325 2036 394 2114 fuit,
413 2039 557 2120 quamvis
576 2037 748 2102 absurdum
765 2038 923 2102 videretur
936 2047 989 2101 aut
1002 2039 1127 2102 inanem
1141 2041 1181 2102 ad

151 2152 241 2216 spem
250 2129 423 2194 Antoniam
436 2153 550 2195 nomen
560 2141 591 2196 et
603 2131 778 2216 periculum
792 2131 1050 2207 commodavisse,
1065 2143 1120 2195 aut
1128 2131 1182 2199 Pi-

151 2246 263 2290 sonem
276 2234 384 2288 notum
398 2246 502 2290 amore
515 2225 622 2290 uxoris
636 2224 689 2289 alii
701 2224 899 2289 matrimonio
914 2247 948 2289 se
965 2222 1180 2301 obstrinxisse,

150 2319 212 2382 nisi
230 2318 258 2382 si
273 2318 386 2402 cupido
404 2319 585 2383 dominandi
603 2319 723 2384 cunctis
742 2317 907 2386 affectibus
925 2319 1106 2404 flagrantior
1123 2328 1179 2383 est.

217 2414 284 2480 Sed
301 2416 415 2478 mirum
428 2438 523 2499 qnam
537 2416 618 2480 inter
631 2415 748 2479 diversi
760 2415 894 2502 generis,
913 2414 1040 2490 ordinis,
1060 2414 1179 2488 aetatis,
1200 2430 1232 2476 aa

151 2533 262 2586 sexus,
285 2511 379 2586 dites,
406 2532 560 2595 pauperes
579 2510 787 2574 taciturnitate
809 2511 914 2574 omnia
940 2508 1078 2574 cohibita
1104 2509 1179 2584 sint,

152 2605 254 2669 donee
261 2602 396 2690 proditio
406 2605 534 2690 coepitc
545 2605 638 2670 domo
646 2603 807 2684 Scaevini3
822 2606 876 2689 qni
890 2605 989 2692 pridie
997 2605 1181 2670 insidiarum

151 2698 250 2762 multo
274 2719 417 2762 sermone
440 2719 511 2762 cum
529 2696 670 2764 Antonio
691 2699 818 2777 Natalc,
845 2700 918 2764 dein
939 2722 1102 2786 regressus
1126 2701 1181 2764 do·

150 2816 238 2858 mum
252 2802 473 2858 testamentum
484 2792 672 2879 obsignavit,
682 2803 862 2879 promptum
871 2795 986 2879 vagina
997 2795 1178 2882 pugionem,

150 2887 190 2951 de
208 2908 272 2970 quo
291 2909 386 2971 supra
402 2887 503 2964 retuli,
522 2897 678 2952 vetustate
697 2887 845 2952 obtusum
863 2887 1028 2969 increpans
1042 2887 1179 2970 asperari

151 3003 229 3044 saxo
243 2989 274 3044 et
287 2980 320 3043 in
335 3001 515 3044 mucronem
529 2981 692 3045 ardescere
701 2979 794 3044 iussit
807 3000 938 3061 eamque
948 2999 1055 3042 curam
1068 2978 1179 3043 liberto

151 3072 285 3138 Milicho
302 3074 477 3152 mandarit;
505 3075 598 3138 simul
616 3073 796 3138 affluentius
815 3072 907 3136 solito
925 3070 1105 3136 convivium
1120 3071 1179 3134 ini-

150 3181 233 3240 tum,
262 3187 423 3237 servorum
442 3168 595 3233 carissimi
616 3168 759 3233 libertate
781 3175 812 3230 et
830 3165 882 3230 alii
903 3164 1038 3250 pecunia
1059 3163 1180 3240 donati3

150 3271 246 3344 atque
264 3261 333 3346 ipse
346 3271 485 3327 maestus
500 3272 531 3326 et
543 3283 677 3348 magnac
692 3260 890 3346 cogitationis
904 3257 1090 3322 manifestus
1104 3267 1179 3333 erat,

150 3355 296 3438 quamvis
314 3354 465 3420 laetitiam
487 3356 578 3442 vagis
602 3355 798 3421 sermonibus
821 3353 995 3430 simularet3
1021 3361 1180 3438 postremo

149 3447 330 3513 volneribds
347 3448 528 3535 ligamenta,
547 3449 726 3534 quibusque
746 3447 866 3513 sistitur
883 3447 1027 3534 sanguis,
1047 3446 1179 3533 petebat,

150 3563 232 3624 qnae
250 3543 384 3606 eundem
401 3542 568 3608 Milichum
586 3553 702 3621 monet,
722 3543 788 3608 sive
806 3561 940 3630 gnarum
957 3541 1179 3606 coniurationis

150 3644 182 3698 et
198 3635 274 3699 illuc
291 3658 391 3720 usque
409 3637 517 3714 fidum,
537 3659 595 3702 seu
611 3639 753 3704 nescium
768 3649 799 3702 et
813 3652 887 3702 tunc
900 3638 1035 3722 primum
1049 3635 1180 3718 arreptis

151 3729 393 3813 suspicionibus,
408 3740 442 3795 ut
449 3732 590 3816 plerique
601 3733 754 3797 tradidere
765 3731 804 3796 de
814 3728 1093 3812 consequentibus:
1107 3749 1180 3789 nam

150 3844 224 3887 cum
250 3845 358 3889 secum
385 3827 506 3890 servilis
533 3827 656 3891 animus
682 3826 823 3910 praemia
843 3823 992 3909 perfidiae
1014 3819 1179 3904 reputavit,

151 3915 307 4000 simulque
319 3919 464 3984 inmensa
471 3921 605 4004 pecunia
618 3929 649 3983 et
662 3917 802 4003 potentia
813 3914 1071 3989 obversabantur,
1086 3912 1180 3976 cessit
1277 3911 1282 3920 '

150 4007 200 4073 fas
219 4020 250 4074 et
269 4011 354 4076 salus
372 4014 497 4098 patroni
514 4023 545 4077 et
557 4021 704 4096 acceptae
717 4009 869 4075 libertatis
883 4007 1047 4084 memoria3
1066 4004 1180 4070 etenim
1283 4055 1286 4058 -

151 4103 258 4168 uxoris
275 4125 402 4190 quoque
421 4107 587 4172 consilium
605 4107 838 4190 adsumpserat,
865 4099 1017 4166 muliebre
1039 4121 1076 4164 ac
1094 4099 1195 4166 dete-¹

150 4198 231 4263 rius:
258 4201 375 4287 quippe
394 4203 476 4267 ultro
497 4212 616 4267 metum
638 4199 820 4276 intentabat,
847 4197 1025 4279 multosque
1043 4196 1179 4261 astitisse

943 4298 1007 4362 20*
