3020 4958
438 423 647 482 ANNALIUM
664 423 737 478 ΜΒ.
750 423 815 482 XV.
832 425 950 479 17-21.
1144 415 1207 479 293

183 534 201 574 p.
211 520 249 563 Ch.
260 521 294 561 ⁶2.

181 600 210 655 et
225 588 320 654 obvia
338 583 504 650 haberent:
531 582 593 647 sibi
613 581 770 668 promissa
790 582 898 668 legum
915 583 971 646 diu
988 593 1152 670 expectata
1173 586 1206 648 in

180 681 349 747 ludibrium
361 677 450 754 verti,
469 677 595 761 quando
609 677 680 760 quis
694 675 762 740 sine
775 676 984 740 sollicitudine
996 700 1119 763 parens,
1139 679 1206 742 sine

178 777 264 842 luctu
281 773 380 839 orbus
397 772 493 858 longa
504 781 632 856 patrum
643 781 719 836 vota
730 781 858 856 repente
871 771 1069 855 adaequaret.
1088 772 1207 836 sactum

178 893 215 936 ex
233 892 273 934 eo
291 877 383 932 senat
382 890 421 930 us
370 864 618 931 tconsultum
634 887 675 929 ne
692 864 839 930 simulas
856 865 1004 950 adoptio
995 889 1029 929 m
1042 865 1106 928 ulla
1118 877 1206 950 parte

177 965 317 1054 muneris
334 961 479 1050 publici
469 973 592 1026 iuvaret
610 983 647 1026 ac
669 984 710 1026 ne
731 962 921 1048 usurpandis
939 961 1068 1044 quidem
1085 961 1208 1024 beredi-

178 1043 294 1126 tatibus
312 1057 488 1144 prodesset.

167 1217 171 1226 ,
240 1152 340 1217 Exim
354 1149 508 1216 Claudius
519 1149 707 1213 Timarchus
722 1148 885 1215 Cretensis
902 1173 975 1214 reus
993 1150 1106 1236 agitur,
1124 1158 1208 1214 eete-
1225 1171 1258 1216 ‘20

175 1249 219 1313 ris
238 1244 432 1321 criminibus,
452 1253 487 1306 ut
499 1243 600 1308 solent
613 1243 785 1328 praevalidi
798 1243 1038 1328 provincialium
1050 1252 1082 1308 et
1094 1242 1207 1328 opibus
1246 1297 1255 1316 ,

176 1335 282 1406 nimiis
301 1339 343 1402 ad
359 1336 489 1402 iniurias
506 1335 663 1401 minorum
681 1335 769 1400 elati:
792 1359 856 1401 una
875 1360 940 1401 vox
956 1337 1025 1401 eius
1047 1359 1149 1420 usque
1167 1337 1209 1400 ad

177 1430 400 1500 contumeliam
418 1439 545 1495 senatus
562 1439 788 1515 penetraverat,
807 1431 892 1514 qnod
909 1431 1083 1496 dictitasset
1098 1432 1132 1495 in
1150 1451 1209 1496 stra

176 1535 332 1613 potestate
346 1524 443 1589 situm
456 1547 497 1588 an
509 1522 761 1608 proconsulibus,
779 1525 837 1608 qui
846 1524 975 1590 Cretam
988 1523 1206 1600 obtinuissent,

176 1630 283 1708 grates
301 1627 478 1704 agerentur.
496 1639 594 1700 quam
606 1617 806 1683 occasionem
813 1618 932 1686 Paetus
943 1619 1085 1686 Thrasea
1097 1621 1138 1685 ad
1150 1618 1207 1684 bos

175 1737 253 1778 num
270 1712 434 1799 publicum
451 1721 586 1789 vertens,
604 1721 774 1796 postquam
786 1713 825 1778 de
837 1737 892 1779 reo
905 1725 1069 1780 censuerat
1080 1713 1207 1800 provin-

176 1808 226 1873 cia
244 1806 343 1872 Creta
360 1804 590 1890 depellendmn,
607 1806 688 1870 haec
704 1807 839 1872 addidit.

239 1899 334 1981 „Usu
349 1899 518 1985 probatum
535 1909 584 1964 est
587 1909 720 1986 ,patres
738 1903 921 1987 conscripti,
944 1902 1031 1987 leges
1049 1901 1205 2008 egregias,

176 1950 324 2080 exeiirpla
344 1995 478 2059 honesta
503 1994 588 2078 apud
609 1993 710 2062 bonos
733 2018 773 2060 ex
800 1996 922 2059 delictis
948 1996 1081 2058 aliorum
1106 1994 1205 2080 gigni.

176 2091 224 2156 sic
246 2098 406 2154 oratorum
426 2088 552 2152 licentia
570 2087 714 2154 Cinciam
736 2089 946 2175 rogationem,
970 2087 1206 2152 candidatorum

176 2183 316 2250 ambitus
341 2181 440 2246 Iulias
466 2181 568 2268 leges,
603 2183 846 2269 magistratuum
876 2182 1008 2248 avaritia
1034 2180 1207 2265 Calpurnia

176 2279 258 2344 scita
273 2284 476 2362 pepererunt;
503 2299 577 2340 nam
599 2275 693 2362 eulpa
714 2299 811 2360 quam
827 2299 931 2364 poena
951 2286 1090 2360 tempore
1112 2274 1206 2360 prior,

175 2371 338 2438 emendari
355 2392 450 2454 quam
468 2391 600 2456 peccare
616 2373 774 2456 posterius
793 2382 852 2438 est.
878 2394 954 2458 ergo
976 2371 1127 2436 adversus
1150 2390 1207 2432 no·

175 2489 251 2531 vam
267 2464 506 2551 provincialium
529 2465 711 2550 superbiam
733 2467 865 2554 dignum
885 2466 948 2531 fide
970 2463 1206 2546 constantiaque
1246 2493 1250 2516 ·

175 2560 322 2625 Romana
339 2559 502 2644 capiamus
520 2558 700 2638 consilium,
728 2583 792 2645 quo
813 2561 928 2628 tutelae
951 2560 1108 2627 sociorum
1129 2557 1206 2622 nibil

175 2653 354 2739 derogetur,
373 2652 466 2717 nobis
485 2652 590 2737 opinio
609 2653 750 2732 decedat,
773 2657 875 2739 qualis
892 2656 1027 2740 quisque
1044 2653 1205 2728 habeatur,

175 2746 253 2812 alibi
269 2768 366 2830 quam
383 2746 417 2811 in
434 2745 550 2811 civium
567 2746 684 2813 iudicio
702 2771 782 2814 esse.
801 2751 877 2815 olim
893 2748 1021 2833 quidem
1034 2772 1097 2813 non
1111 2745 1206 2811 modo
1224 2763 1253 2810 εἰ

176 2850 302 2927 praetor
319 2850 374 2905 aut
391 2839 501 2905 consul
519 2841 576 2906 sed
593 2842 707 2926 privati
724 2843 820 2908 etiam
832 2843 1044 2920 mittebantur,
1063 2841 1118 2925 qui
1135 2861 1207 2924 pro-

176 2935 297 3000 vincias
320 2934 458 3000 viserent
479 2943 512 2998 et
533 2933 609 3017 quid
632 2935 672 3000 de
694 2936 848 3018 cuiusque
870 2934 1023 3016 obsequio
1050 2933 1208 3000 videretur
1328 2963 1331 2970 .

176 3028 344 3106 referrent,
368 3026 630 3114 trepidabantque
647 3038 758 3114 gentes
777 3029 816 3093 de
835 3027 1050 3092 aestimatione
1069 3024 1208 3110 singulo-

175 3145 262 3188 rumz
286 3131 318 3187 at
334 3143 419 3187 nunc
436 3121 569 3188 colimus
588 3137 733 3188 externos
753 3132 783 3186 et
791 3121 979 3197 adrdamur,
1002 3128 1033 3184 et
1049 3118 1207 3201 quomodo

176 3216 220 3281 ad
237 3225 349 3280 nutum
367 3216 499 3288 alicuius
517 3226 638 3303 grates,
666 3217 710 3280 ita
731 3216 906 3301 promptius
924 3213 1083 3278 accusatio
1101 3211 1208 3276 decer-

177 3311 276 3374 nitur:
294 3310 556 3394 decernaturque,
584 3319 615 3375 et
633 3320 758 3375 maneat
774 3306 1018 3396 provincialibus
1035 3305 1207 3393 potentiam

179 3427 271 3469 suam
288 3404 342 3469 tali
359 3405 454 3470 modo
472 3405 648 3469 ostentandi
654 3429 663 3483 3
682 3405 739 3470 sed
755 3405 824 3470 laus
843 3404 925 3470 salsa
941 3413 973 3470 et
989 3402 1135 3490 precibus
1154 3424 1208 3467 ex-

177 3522 289 3584 pressa
313 3499 443 3584 perinde
469 3499 652 3564 cohibeatur
678 3523 773 3584 quam
799 3501 931 3578 malitia,
959 3522 1054 3585 quam
1076 3498 1209 3565 crudeli-

178 3604 238 3657 tas.
273 3592 364 3678 plura
386 3617 481 3680 saepe
502 3604 673 3680 peccantur
695 3597 770 3661 dum
793 3598 989 3662 demeremur
1014 3618 1110 3679 quam
1132 3593 1207 3656 dum

179 3686 369 3752 offendimus
376 3713 385 3766 ς
411 3689 567 3772 quaedam
597 3689 694 3755 immo
716 3692 847 3756 virtutes
875 3689 947 3754 odio
974 3698 1060 3763 sunt,
1093 3685 1208 3750 severi-

175 3793 228 3845 ·tas
254 3779 427 3860 obstinata,
453 3783 589 3849 invictus
616 3785 784 3850 adversum
810 3785 944 3869 gratiam
971 3782 1108 3845 animus:
1135 3778 1208 3842 inde

178 3874 268 3939 initia
285 3877 526 3964 magistratuum
543 3888 722 3945 nostrorum
744 3876 874 3941 meliora
891 3875 999 3950 ferme,
1023 3882 1055 3936 et
1072 3870 1143 3934 finis
1161 3872 1208 3934 in-

179 3968 289 4048 clinat,
316 3971 393 4036 dum
414 3972 447 4036 in
469 3971 598 4038 modum
621 3971 857 4038 candidatorum
880 3967 1032 4053 suffragia
1054 3964 1209 4046 conquiri·
1245 4024 1246 4028 ,

179 4085 266 4140 mus;
297 4086 380 4148 quae
406 4067 434 4130 si
460 4076 637 4143 arceantur,
673 4061 868 4148 aequabilius
894 4070 989 4144 atque
1015 4059 1208 4125 constantius

178 4157 360 4242 provinciae
377 4170 534 4246 regentur.
570 4183 644 4224 nam
662 4168 696 4222 ut
714 4167 801 4223 metu
817 4153 1059 4242 repetundarum
1076 4151 1210 4220 infracta

179 4252 312 4318 avaritia
326 4262 384 4332 est,
398 4254 443 4320 ita
451 4254 547 4320 vetita
559 4254 730 4340 gratiarum
744 4253 864 4320 actione
878 4249 1006 4317 ambitio
1016 4249 1207 4316 cohibetur.“
