<?xml version="1.0" encoding="UTF-8"?>
<!DOCTYPE html PUBLIC "-//W3C//DTD XHTML 1.0 Transitional//EN"
    "http://www.w3.org/TR/xhtml1/DTD/xhtml1-transitional.dtd">
<html xmlns="http://www.w3.org/1999/xhtml" xml:lang="en" lang="en">
 <head>
  <title>
</title>
<meta http-equiv="Content-Type" content="text/html;charset=utf-8" />
  <meta name='ocr-system' content='tesseract 3.04.00' />
  <meta name='ocr-capabilities' content='ocr_page ocr_carea ocr_par ocr_line ocrx_word'/>
</head>
<body>
  <div class='ocr_page' id='page_1' title='image "./corneliitacitio00haasgoog_0030.png"; bbox 0 0 2966 4960; ppageno 0'>
   <div class='ocr_carea' id='block_1_1' title="bbox 504 457 1227 533">
    <p class='ocr_par' dir='ltr' id='par_1_1' title="bbox 504 457 1227 533">
     <span class='ocr_line' id='line_1_1' title="bbox 504 457 1227 533; baseline 0.007 -33"><span class='ocrx_word' id='word_1_1' title='bbox 504 457 626 502; x_wconf 74' lang='lat' dir='ltr'><strong>scalena</strong></span> <span class='ocrx_word' id='word_1_2' title='bbox 645 457 862 533; x_wconf 58' lang='lat' dir='ltr'><strong>commemo.</strong></span> <span class='ocrx_word' id='word_1_3' title='bbox 1125 457 1227 505; x_wconf 85' lang='lat' dir='ltr'>XXIII</span> 
     </span>
    </p>
   </div>
   <div class='ocr_carea' id='block_1_2' title="bbox 134 569 1230 831">
    <p class='ocr_par' dir='ltr' id='par_1_2' title="bbox 134 569 1230 831">
     <span class='ocr_line' id='line_1_2' title="bbox 134 569 1230 644; baseline -0.001 -17"><span class='ocrx_word' id='word_1_4' title='bbox 134 572 214 628; x_wconf 90' lang='lat' dir='ltr'><strong>enim</strong></span> <span class='ocrx_word' id='word_1_5' title='bbox 229 569 337 626; x_wconf 89' lang='lat' dir='ltr'><strong>initium</strong></span> <span class='ocrx_word' id='word_1_6' title='bbox 345 569 528 625; x_wconf 75' lang='lat' dir='ltr'>historiarum</span> <span class='ocrx_word' id='word_1_7' title='bbox 537 571 574 626; x_wconf 84' lang='lat' dir='ltr'><strong>ab</strong></span> <span class='ocrx_word' id='word_1_8' title='bbox 585 572 674 626; x_wconf 84' lang='lat' dir='ltr'><strong>altero</strong></span> <span class='ocrx_word' id='word_1_9' title='bbox 693 571 857 628; x_wconf 85' lang='lat' dir='ltr'><strong>servitutem</strong></span> <span class='ocrx_word' id='word_1_10' title='bbox 870 571 977 644; x_wconf 88' lang='lat' dir='ltr'><strong>primus</strong></span> <span class='ocrx_word' id='word_1_11' title='bbox 986 572 1230 628; x_wconf 71' lang='lat' dir='ltr'><strong>constitutacfir·</strong></span> 
     </span>
     <span class='ocr_line' id='line_1_3' title="bbox 134 639 1230 711; baseline 0.001 -16"><span class='ocrx_word' id='word_1_12' title='bbox 134 640 316 711; x_wconf 82' lang='lat' dir='ltr'><strong>potissimum</strong></span> <span class='ocrx_word' id='word_1_13' title='bbox 327 639 438 696; x_wconf 82' lang='lat' dir='ltr'>Galbae</span> <span class='ocrx_word' id='word_1_14' title='bbox 453 639 602 694; x_wconf 88' lang='lat' dir='ltr'><strong>consulatu</strong></span> <span class='ocrx_word' id='word_1_15' title='bbox 610 657 674 710; x_wconf 88' lang='lat' dir='ltr'><strong>pro·</strong></span> <span class='ocrx_word' id='word_1_16' title='bbox 691 641 794 708; x_wconf 84' lang='lat' dir='ltr'><strong>mavit,</strong></span> <span class='ocrx_word' id='word_1_17' title='bbox 818 657 988 711; x_wconf 87' lang='lat' dir='ltr'><strong>quamquam</strong></span> <span class='ocrx_word' id='word_1_18' title='bbox 1005 640 1035 694; x_wconf 91' lang='lat' dir='ltr'><strong>id</strong></span> <span class='ocrx_word' id='word_1_19' title='bbox 1053 657 1117 695; x_wconf 89' lang='lat' dir='ltr'><strong>eum</strong></span> <span class='ocrx_word' id='word_1_20' title='bbox 1134 641 1230 696; x_wconf 85' lang='lat' dir='ltr'><strong>facere</strong></span> 
     </span>
     <span class='ocr_line' id='line_1_4' title="bbox 134 706 1230 831; baseline 0 -67"><span class='ocrx_word' id='word_1_21' title='bbox 134 715 239 831; x_wconf 60' lang='lat' dir='ltr'><strong>pterea</strong></span> <span class='ocrx_word' id='word_1_22' title='bbox 252 707 343 776; x_wconf 87' lang='lat' dir='ltr'><strong>duxit,</strong></span> <span class='ocrx_word' id='word_1_23' title='bbox 363 708 440 788; x_wconf 80' lang='lat' dir='ltr'><strong>quod</strong></span> <span class='ocrx_word' id='word_1_24' title='bbox 453 706 515 776; x_wconf 89' lang='lat' dir='ltr'><strong>ipse</strong></span> <span class='ocrx_word' id='word_1_25' title='bbox 528 713 588 761; x_wconf 91' lang='lat' dir='ltr'><strong>tum</strong></span> <span class='ocrx_word' id='word_1_26' title='bbox 604 725 676 778; x_wconf 88' lang='lat' dir='ltr'><strong>puer</strong></span> <span class='ocrx_word' id='word_1_27' title='bbox 693 709 772 777; x_wconf 85' lang='lat' dir='ltr'><strong>pacis</strong></span> <span class='ocrx_word' id='word_1_28' title='bbox 786 709 948 763; x_wconf 80' lang='lat' dir='ltr'><strong>interfuisse</strong></span> <span class='ocrx_word' id='word_1_29' title='bbox 961 709 1106 778; x_wconf 49' lang='lat' dir='ltr'><strong>saletum&amp;</strong></span> <span class='ocrx_word' id='word_1_30' title='bbox 1124 711 1171 779; x_wconf 87' lang='lat' dir='ltr'><strong>qui</strong></span> <span class='ocrx_word' id='word_1_31' title='bbox 1193 727 1230 779; x_wconf 87' lang='lat' dir='ltr'><strong>pe</strong></span> 
     </span>
    </p>
   </div>
   <div class='ocr_carea' id='block_1_3' title="bbox 132 776 1234 4002">
    <p class='ocr_par' dir='ltr' id='par_1_3' title="bbox 132 776 1234 4002">
     <span class='ocr_line' id='line_1_5' title="bbox 156 776 1231 847; baseline 0 -15"><span class='ocrx_word' id='word_1_32' title='bbox 156 777 274 832; x_wconf 90' lang='lat' dir='ltr'><strong>ecennis</strong></span> <span class='ocrx_word' id='word_1_33' title='bbox 287 776 347 830; x_wconf 84' lang='lat' dir='ltr'><strong>fere</strong></span> <span class='ocrx_word' id='word_1_34' title='bbox 360 780 476 844; x_wconf 80' lang='lat' dir='ltr'><strong>fuisset,</strong></span> <span class='ocrx_word' id='word_1_35' title='bbox 492 777 674 846; x_wconf 86' lang='lat' dir='ltr'><strong>sedquodsb</strong></span> <span class='ocrx_word' id='word_1_36' title='bbox 694 777 742 847; x_wconf 91' lang='lat' dir='ltr'><strong>qui</strong></span> <span class='ocrx_word' id='word_1_37' title='bbox 760 786 854 830; x_wconf 87' lang='lat' dir='ltr'><strong>cuncto</strong></span> <span class='ocrx_word' id='word_1_38' title='bbox 872 779 1007 832; x_wconf 76' lang='lat' dir='ltr'><strong><em>discordiis</em></strong></span> <span class='ocrx_word' id='word_1_39' title='bbox 1025 779 1142 832; x_wconf 82' lang='lat' dir='ltr'><strong>civilibus</strong></span> <span class='ocrx_word' id='word_1_40' title='bbox 1173 797 1231 832; x_wconf 87' lang='lat' dir='ltr'><strong>essa</strong></span> 
     </span>
     <span class='ocr_line' id='line_1_6' title="bbox 134 843 1230 914; baseline 0.002 -16"><span class='ocrx_word' id='word_1_41' title='bbox 134 847 187 901; x_wconf 92' lang='lat' dir='ltr'><strong>illo</strong></span> <span class='ocrx_word' id='word_1_42' title='bbox 206 861 282 900; x_wconf 85' lang='lat' dir='ltr'><strong>anno</strong></span> <span class='ocrx_word' id='word_1_43' title='bbox 300 861 404 898; x_wconf 89' lang='lat' dir='ltr'><strong>novum</strong></span> <span class='ocrx_word' id='word_1_44' title='bbox 442 843 505 898; x_wconf 90' lang='lat' dir='ltr'><strong>uasi</strong></span> <span class='ocrx_word' id='word_1_45' title='bbox 521 861 614 900; x_wconf 87' lang='lat' dir='ltr'><strong>rerum</strong></span> <span class='ocrx_word' id='word_1_46' title='bbox 632 862 674 900; x_wconf 92' lang='lat' dir='ltr'><strong>or·</strong></span> <span class='ocrx_word' id='word_1_47' title='bbox 692 847 795 898; x_wconf 82' lang='lat' dir='ltr'><strong>nomine</strong></span> <span class='ocrx_word' id='word_1_48' title='bbox 806 847 935 914; x_wconf 74' lang='lat' dir='ltr'><strong>principis</strong></span> <span class='ocrx_word' id='word_1_49' title='bbox 952 847 999 898; x_wconf 86' lang='lat' dir='ltr'><strong>sub</strong></span> <span class='ocrx_word' id='word_1_50' title='bbox 1011 847 1145 914; x_wconf 79' lang='lat' dir='ltr'><strong>imperium</strong></span> <span class='ocrx_word' id='word_1_51' title='bbox 1159 864 1230 900; x_wconf 86' lang='lat' dir='ltr'><strong>oece-</strong></span> 
     </span>
     <span class='ocr_line' id='line_1_7' title="bbox 135 861 1230 992; baseline 0.002 -26"><span class='ocrx_word' id='word_1_52' title='bbox 135 914 233 968; x_wconf 89' lang='lat' dir='ltr'><strong>dincm</strong></span> <span class='ocrx_word' id='word_1_53' title='bbox 258 913 339 977; x_wconf 81' lang='lat' dir='ltr'><strong>nasci</strong></span> <span class='ocrx_word' id='word_1_54' title='bbox 360 861 552 992; x_wconf 58' lang='lat' dir='ltr'><strong>inteiiercram</strong></span> <span class='ocrx_word' id='word_1_55' title='bbox 578 912 675 983; x_wconf 88' lang='lat' dir='ltr'><strong>itaque</strong></span> <span class='ocrx_word' id='word_1_56' title='bbox 691 915 815 992; x_wconf 75' lang='lat' dir='ltr'><strong>perit;1⁰⁰</strong></span> <span class='ocrx_word' id='word_1_57' title='bbox 833 914 884 968; x_wconf 87' lang='lat' dir='ltr'><strong>sed</strong></span> <span class='ocrx_word' id='word_1_58' title='bbox 898 919 927 967; x_wconf 87' lang='lat' dir='ltr'><strong>et</strong></span> <span class='ocrx_word' id='word_1_59' title='bbox 935 915 1132 968; x_wconf 80' lang='lat' dir='ltr'><strong>dominationem</strong></span> <span class='ocrx_word' id='word_1_60' title='bbox 1140 914 1171 967; x_wconf 95' lang='lat' dir='ltr'><strong>id</strong></span> <span class='ocrx_word' id='word_1_61' title='bbox 1181 915 1230 968; x_wconf 90' lang='lat' dir='ltr'><strong>im·</strong></span> 
     </span>
     <span class='ocr_line' id='line_1_8' title="bbox 133 981 1230 1062; baseline -0.002 -26"><span class='ocrx_word' id='word_1_62' title='bbox 133 998 242 1036; x_wconf 88' lang='lat' dir='ltr'><strong>nomen</strong></span> <span class='ocrx_word' id='word_1_63' title='bbox 255 985 365 1035; x_wconf 89' lang='lat' dir='ltr'><strong>tautum</strong></span> <span class='ocrx_word' id='word_1_64' title='bbox 378 981 559 1034; x_wconf 78' lang='lat' dir='ltr'><strong>historiarum</strong></span> <span class='ocrx_word' id='word_1_65' title='bbox 571 981 609 1036; x_wconf 85' lang='lat' dir='ltr'><strong>ab</strong></span> <span class='ocrx_word' id='word_1_66' title='bbox 624 997 676 1036; x_wconf 86' lang='lat' dir='ltr'><strong>sua</strong></span> <span class='ocrx_word' id='word_1_67' title='bbox 692 999 801 1050; x_wconf 82' lang='lat' dir='ltr'><strong>penum</strong></span> <span class='ocrx_word' id='word_1_68' title='bbox 819 982 990 1062; x_wconf 85' lang='lat' dir='ltr'><strong>appellat¹⁰1</strong></span> <span class='ocrx_word' id='word_1_69' title='bbox 1009 987 1038 1036; x_wconf 85' lang='lat' dir='ltr'><strong>et</strong></span> <span class='ocrx_word' id='word_1_70' title='bbox 1054 981 1107 1036; x_wconf 88' lang='lat' dir='ltr'><strong>ait:</strong></span> <span class='ocrx_word' id='word_1_71' title='bbox 1133 993 1230 1052; x_wconf 80' lang='lat' dir='ltr'><strong>quanto</strong></span> 
     </span>
     <span class='ocr_line' id='line_1_9' title="bbox 133 1049 1231 1120; baseline 0 -16"><span class='ocrx_word' id='word_1_72' title='bbox 133 1055 232 1104; x_wconf 86' lang='lat' dir='ltr'><strong>aetate</strong></span> <span class='ocrx_word' id='word_1_73' title='bbox 241 1049 356 1120; x_wconf 87' lang='lat' dir='ltr'><strong>petivit,</strong></span> <span class='ocrx_word' id='word_1_74' title='bbox 370 1066 429 1102; x_wconf 90' lang='lat' dir='ltr'><strong>non</strong></span> <span class='ocrx_word' id='word_1_75' title='bbox 438 1049 559 1103; x_wconf 70' lang='lat' dir='ltr'><strong>ambitis</strong></span> <span class='ocrx_word' id='word_1_76' title='bbox 569 1049 674 1104; x_wconf 88' lang='lat' dir='ltr'><strong>consti·</strong></span> <span class='ocrx_word' id='word_1_77' title='bbox 692 1052 750 1120; x_wconf 83' lang='lat' dir='ltr'><strong>quis</strong></span> <span class='ocrx_word' id='word_1_78' title='bbox 762 1052 866 1104; x_wconf 74' lang='lat' dir='ltr'><strong>seruitio</strong></span> <span class='ocrx_word' id='word_1_79' title='bbox 874 1051 1032 1120; x_wconf 75' lang='lat' dir='ltr'><strong><em>promptior,</em></strong></span> <span class='ocrx_word' id='word_1_80' title='bbox 1051 1051 1141 1120; x_wconf 79' lang='lat' dir='ltr'><strong>opibus</strong></span> <span class='ocrx_word' id='word_1_81' title='bbox 1152 1060 1175 1104; x_wconf 88' lang='lat' dir='ltr'><strong>et</strong></span> <span class='ocrx_word' id='word_1_82' title='bbox 1188 1054 1231 1104; x_wconf 85' lang='lat' dir='ltr'><strong>lo-</strong></span> 
     </span>
     <span class='ocr_line' id='line_1_10' title="bbox 135 1117 1232 1188; baseline 0 -16"><span class='ocrx_word' id='word_1_83' title='bbox 135 1119 237 1172; x_wconf 87' lang='lat' dir='ltr'><strong>tuendi</strong></span> <span class='ocrx_word' id='word_1_84' title='bbox 255 1134 383 1172; x_wconf 86' lang='lat' dir='ltr'><strong>normam</strong></span> <span class='ocrx_word' id='word_1_85' title='bbox 400 1133 434 1172; x_wconf 90' lang='lat' dir='ltr'><strong>ac</strong></span> <span class='ocrx_word' id='word_1_86' title='bbox 451 1133 482 1171; x_wconf 88' lang='lat' dir='ltr'><strong>re</strong></span> <span class='ocrx_word' id='word_1_87' title='bbox 580 1158 586 1171; x_wconf 92' lang='lat'><strong>.</strong></span> <span class='ocrx_word' id='word_1_88' title='bbox 618 1117 675 1172; x_wconf 84' lang='lat' dir='ltr'><strong>Sed</strong></span> <span class='ocrx_word' id='word_1_89' title='bbox 692 1118 1232 1188; x_wconf 69' lang='lat' dir='ltr'><strong>noubusertollcbontur51⁰²eodemspe-</strong></span> 
     </span>
     <span class='ocr_line' id='line_1_11' title="bbox 135 1185 1233 1256; baseline -0.001 -16"><span class='ocrx_word' id='word_1_90' title='bbox 135 1186 224 1256; x_wconf 87' lang='lat' dir='ltr'><strong>quale</strong></span> <span class='ocrx_word' id='word_1_91' title='bbox 242 1187 304 1241; x_wconf 89' lang='lat' dir='ltr'><strong>eius</strong></span> <span class='ocrx_word' id='word_1_92' title='bbox 318 1185 348 1238; x_wconf 91' lang='lat' dir='ltr'><strong>in</strong></span> <span class='ocrx_word' id='word_1_93' title='bbox 362 1185 482 1240; x_wconf 90' lang='lat' dir='ltr'><strong>ordinan</strong></span> <span class='ocrx_word' id='word_1_94' title='bbox 502 1202 520 1240; x_wconf 91' lang='lat' dir='ltr'><strong>a</strong></span> <span class='ocrx_word' id='word_1_95' title='bbox 533 1201 569 1240; x_wconf 88' lang='lat' dir='ltr'><strong>ac</strong></span> <span class='ocrx_word' id='word_1_96' title='bbox 582 1185 675 1239; x_wconf 86' lang='lat' dir='ltr'><strong>distri·</strong></span> <span class='ocrx_word' id='word_1_97' title='bbox 694 1191 774 1240; x_wconf 88' lang='lat' dir='ltr'><strong>etant</strong></span> <span class='ocrx_word' id='word_1_98' title='bbox 786 1188 892 1240; x_wconf 80' lang='lat' dir='ltr'><strong><em>acriora</em></strong></span> <span class='ocrx_word' id='word_1_99' title='bbox 904 1188 1036 1239; x_wconf 64' lang='lat' dir='ltr'><strong>suetam</strong></span> <span class='ocrx_word' id='word_1_100' title='bbox 1049 1192 1078 1240; x_wconf 89' lang='lat' dir='ltr'><strong>ct</strong></span> <span class='ocrx_word' id='word_1_101' title='bbox 1092 1187 1146 1240; x_wconf 84' lang='lat' dir='ltr'><strong>dies</strong></span> <span class='ocrx_word' id='word_1_102' title='bbox 1159 1189 1233 1240; x_wconf 85' lang='lat' dir='ltr'><strong>crudi</strong></span> 
     </span>
     <span class='ocr_line' id='line_1_12' title="bbox 135 1253 1232 1322; baseline 0 -14"><span class='ocrx_word' id='word_1_103' title='bbox 135 1255 254 1310; x_wconf 87' lang='lat' dir='ltr'><strong>buenda</strong></span> <span class='ocrx_word' id='word_1_104' title='bbox 276 1253 396 1308; x_wconf 86' lang='lat' dir='ltr'><strong>materia</strong></span> <span class='ocrx_word' id='word_1_105' title='bbox 414 1254 562 1308; x_wconf 89' lang='lat' dir='ltr'><strong>consilium</strong></span> <span class='ocrx_word' id='word_1_106' title='bbox 578 1253 673 1322; x_wconf 72' lang='lat' dir='ltr'><strong>fuerit,</strong></span> <span class='ocrx_word' id='word_1_107' title='bbox 693 1255 775 1308; x_wconf 83' lang='lat' dir='ltr'><strong>odluc</strong></span> <span class='ocrx_word' id='word_1_108' title='bbox 792 1255 940 1308; x_wconf 59' lang='lat' dir='ltr'><strong>saturitate</strong></span> <span class='ocrx_word' id='word_1_109' title='bbox 969 1254 1094 1308; x_wconf 82' lang='lat' dir='ltr'><strong>Proinde</strong></span> <span class='ocrx_word' id='word_1_110' title='bbox 1116 1254 1232 1309; x_wconf 87' lang='lat' dir='ltr'><strong>dubium</strong></span> 
     </span>
     <span class='ocr_line' id='line_1_13' title="bbox 137 1321 1232 1393; baseline 0 -17"><span class='ocrx_word' id='word_1_111' title='bbox 137 1322 300 1378; x_wconf 86' lang='lat' dir='ltr'><strong>accuratius</strong></span> <span class='ocrx_word' id='word_1_112' title='bbox 310 1321 506 1392; x_wconf 83' lang='lat' dir='ltr'><strong>explicandum</strong></span> <span class='ocrx_word' id='word_1_113' title='bbox 515 1328 566 1378; x_wconf 83' lang='lat' dir='ltr'><strong>est</strong></span> <span class='ocrx_word' id='word_1_114' title='bbox 579 1321 674 1392; x_wconf 81' lang='lat' dir='ltr'><strong>Atque</strong></span> <span class='ocrx_word' id='word_1_115' title='bbox 693 1338 752 1376; x_wconf 88' lang='lat' dir='ltr'><strong>non</strong></span> <span class='ocrx_word' id='word_1_116' title='bbox 782 1329 830 1377; x_wconf 88' lang='lat' dir='ltr'><strong>est</strong></span> <span class='ocrx_word' id='word_1_117' title='bbox 854 1323 922 1393; x_wconf 93' lang='lat' dir='ltr'><strong>quin</strong></span> <span class='ocrx_word' id='word_1_118' title='bbox 949 1321 1091 1378; x_wconf 87' lang='lat' dir='ltr'><strong>servitutis</strong></span> <span class='ocrx_word' id='word_1_119' title='bbox 1118 1323 1232 1377; x_wconf 91' lang='lat' dir='ltr'><strong>nomine</strong></span> 
     </span>
     <span class='ocr_line' id='line_1_14' title="bbox 136 1391 1231 1461; baseline 0.001 -18"><span class='ocrx_word' id='word_1_120' title='bbox 136 1392 186 1445; x_wconf 91' lang='lat' dir='ltr'><strong>illo</strong></span> <span class='ocrx_word' id='word_1_121' title='bbox 202 1391 318 1461; x_wconf 87' lang='lat' dir='ltr'><strong>quidem</strong></span> <span class='ocrx_word' id='word_1_122' title='bbox 331 1397 468 1460; x_wconf 81' lang='lat' dir='ltr'><strong>tempore,</strong></span> <span class='ocrx_word' id='word_1_123' title='bbox 487 1407 542 1461; x_wconf 91' lang='lat' dir='ltr'><strong>quo</strong></span> <span class='ocrx_word' id='word_1_124' title='bbox 555 1391 675 1460; x_wconf 89' lang='lat' dir='ltr'><strong>primum</strong></span> <span class='ocrx_word' id='word_1_125' title='bbox 694 1392 951 1460; x_wconf 87' lang='lat' dir='ltr'><strong>comprehendatur</strong></span> <span class='ocrx_word' id='word_1_126' title='bbox 969 1396 1059 1446; x_wconf 89' lang='lat' dir='ltr'><strong>totum</strong></span> <span class='ocrx_word' id='word_1_127' title='bbox 1075 1391 1147 1445; x_wconf 89' lang='lat' dir='ltr'><strong>illud</strong></span> <span class='ocrx_word' id='word_1_128' title='bbox 1164 1398 1231 1445; x_wconf 87' lang='lat' dir='ltr'><strong>tem-</strong></span> 
     </span>
     <span class='ocr_line' id='line_1_15' title="bbox 136 1458 1232 1540; baseline 0.003 -28"><span class='ocrx_word' id='word_1_129' title='bbox 136 1459 272 1514; x_wconf 83' lang='lat' dir='ltr'><strong>histcrias</strong></span> <span class='ocrx_word' id='word_1_130' title='bbox 299 1475 331 1514; x_wconf 89' lang='lat' dir='ltr'><strong>se</strong></span> <span class='ocrx_word' id='word_1_131' title='bbox 361 1459 531 1528; x_wconf 89' lang='lat' dir='ltr'><strong>scripturum</strong></span> <span class='ocrx_word' id='word_1_132' title='bbox 560 1458 675 1528; x_wconf 89' lang='lat' dir='ltr'><strong>publice</strong></span> <span class='ocrx_word' id='word_1_133' title='bbox 693 1477 747 1530; x_wconf 92' lang='lat' dir='ltr'><strong>pus</strong></span> <span class='ocrx_word' id='word_1_134' title='bbox 761 1466 828 1529; x_wconf 90' lang='lat' dir='ltr'><strong>post</strong></span> <span class='ocrx_word' id='word_1_135' title='bbox 840 1477 966 1540; x_wconf 77' lang='lat' dir='ltr'><strong>pugnam</strong></span> <span class='ocrx_word' id='word_1_136' title='bbox 980 1458 1128 1514; x_wconf 80' lang='lat' dir='ltr'><strong>Actiacam</strong></span> <span class='ocrx_word' id='word_1_137' title='bbox 1141 1476 1232 1530; x_wconf 87' lang='lat' dir='ltr'><strong>usquc</strong></span> 
     </span>
     <span class='ocr_line' id='line_1_16' title="bbox 135 1526 1231 1651; baseline 0.003 -71"><span class='ocrx_word' id='word_1_138' title='bbox 135 1527 285 1598; x_wconf 86' lang='lat' dir='ltr'><strong>professus</strong></span> <span class='ocrx_word' id='word_1_139' title='bbox 295 1532 347 1595; x_wconf 90' lang='lat' dir='ltr'><strong>est,</strong></span> <span class='ocrx_word' id='word_1_140' title='bbox 358 1526 521 1597; x_wconf 85' lang='lat' dir='ltr'><strong>bipartitum</strong></span> <span class='ocrx_word' id='word_1_141' title='bbox 530 1544 602 1598; x_wconf 88' lang='lat' dir='ltr'><strong>opus</strong></span> <span class='ocrx_word' id='word_1_142' title='bbox 612 1543 675 1597; x_wconf 90' lang='lat' dir='ltr'><strong>pro·</strong></span> <span class='ocrx_word' id='word_1_143' title='bbox 695 1529 731 1582; x_wconf 85' lang='lat' dir='ltr'><strong>ad</strong></span> <span class='ocrx_word' id='word_1_144' title='bbox 744 1527 900 1583; x_wconf 76' lang='lat' dir='ltr'><strong>Domitiam</strong></span> <span class='ocrx_word' id='word_1_145' title='bbox 917 1533 1050 1597; x_wconf 88' lang='lat' dir='ltr'><strong>mortem,</strong></span> <span class='ocrx_word' id='word_1_146' title='bbox 1069 1529 1162 1651; x_wconf 82' lang='lat' dir='ltr'><strong>sitque</strong></span> <span class='ocrx_word' id='word_1_147' title='bbox 1175 1545 1231 1583; x_wconf 88' lang='lat' dir='ltr'><strong>me·</strong></span> 
     </span>
     <span class='ocr_line' id='line_1_17' title="bbox 135 1595 1232 1668; baseline 0 -18"><span class='ocrx_word' id='word_1_148' title='bbox 135 1597 225 1665; x_wconf 80' lang='lat' dir='ltr'><strong>misit,</strong></span> <span class='ocrx_word' id='word_1_149' title='bbox 239 1597 390 1650; x_wconf 68' lang='lat' dir='ltr'><strong>memoriam</strong></span> <span class='ocrx_word' id='word_1_150' title='bbox 401 1597 676 1665; x_wconf 78' lang='lat' dir='ltr'><strong>priorisservitutisac</strong></span> <span class='ocrx_word' id='word_1_151' title='bbox 694 1595 783 1652; x_wconf 86' lang='lat' dir='ltr'><strong>moria</strong></span> <span class='ocrx_word' id='word_1_152' title='bbox 801 1596 943 1651; x_wconf 82' lang='lat' dir='ltr'><strong>servitutis</strong></span> <span class='ocrx_word' id='word_1_153' title='bbox 961 1596 1032 1653; x_wconf 90' lang='lat' dir='ltr'><strong>nihil</strong></span> <span class='ocrx_word' id='word_1_154' title='bbox 1050 1596 1109 1651; x_wconf 87' lang='lat' dir='ltr'><strong>alia</strong></span> <span class='ocrx_word' id='word_1_155' title='bbox 1147 1614 1232 1668; x_wconf 88' lang='lat' dir='ltr'><strong>quam</strong></span> 
     </span>
     <span class='ocr_line' id='line_1_18' title="bbox 136 1664 1232 1745; baseline 0 -27"><span class='ocrx_word' id='word_1_156' title='bbox 136 1667 308 1718; x_wconf 82' lang='lat' dir='ltr'><strong>testimouium</strong></span> <span class='ocrx_word' id='word_1_157' title='bbox 317 1666 493 1735; x_wconf 83' lang='lat' dir='ltr'><strong>praesentium</strong></span> <span class='ocrx_word' id='word_1_158' title='bbox 506 1666 676 1730; x_wconf 63' lang='lat' dir='ltr'><strong>bonorumet</strong></span> <span class='ocrx_word' id='word_1_159' title='bbox 694 1664 814 1720; x_wconf 88' lang='lat' dir='ltr'><strong>historia</strong></span> <span class='ocrx_word' id='word_1_160' title='bbox 827 1665 1003 1734; x_wconf 80' lang='lat' dir='ltr'><strong>principatus</strong></span> <span class='ocrx_word' id='word_1_161' title='bbox 1017 1665 1088 1733; x_wconf 88' lang='lat' dir='ltr'><strong>eius,</strong></span> <span class='ocrx_word' id='word_1_162' title='bbox 1103 1666 1151 1745; x_wconf 89' lang='lat' dir='ltr'><strong>qui</strong></span> <span class='ocrx_word' id='word_1_163' title='bbox 1165 1671 1232 1720; x_wconf 88' lang='lat' dir='ltr'><strong>ante</strong></span> 
     </span>
     <span class='ocr_line' id='line_1_19' title="bbox 135 1732 1232 1804; baseline -0.001 -17"><span class='ocrx_word' id='word_1_164' title='bbox 135 1734 256 1788; x_wconf 87' lang='lat' dir='ltr'><strong>alteram</strong></span> <span class='ocrx_word' id='word_1_165' title='bbox 270 1733 344 1786; x_wconf 86' lang='lat' dir='ltr'><strong>hanc</strong></span> <span class='ocrx_word' id='word_1_166' title='bbox 357 1737 467 1802; x_wconf 86' lang='lat' dir='ltr'><strong>partem</strong></span> <span class='ocrx_word' id='word_1_167' title='bbox 485 1732 602 1788; x_wconf 90' lang='lat' dir='ltr'><strong>dubium</strong></span> <span class='ocrx_word' id='word_1_168' title='bbox 618 1749 676 1786; x_wconf 92' lang='lat' dir='ltr'><strong>uon</strong></span> <span class='ocrx_word' id='word_1_169' title='bbox 695 1735 817 1790; x_wconf 86' lang='lat' dir='ltr'><strong>Nervam</strong></span> <span class='ocrx_word' id='word_1_170' title='bbox 839 1733 1050 1804; x_wconf 74' lang='lat' dir='ltr'><strong>&#39;l&#39;raianumquc</strong></span> <span class='ocrx_word' id='word_1_171' title='bbox 1076 1734 1139 1788; x_wconf 78' lang='lat' dir='ltr'><strong>luit.</strong></span> <span class='ocrx_word' id='word_1_172' title='bbox 1175 1733 1232 1788; x_wconf 84' lang='lat' dir='ltr'><strong>Sed</strong></span> 
     </span>
     <span class='ocr_line' id='line_1_20' title="bbox 135 1800 1232 1873; baseline 0 -18"><span class='ocrx_word' id='word_1_173' title='bbox 135 1806 181 1855; x_wconf 88' lang='lat' dir='ltr'><strong>cst</strong></span> <span class='ocrx_word' id='word_1_174' title='bbox 190 1800 261 1872; x_wconf 90' lang='lat' dir='ltr'><strong>quin</strong></span> <span class='ocrx_word' id='word_1_175' title='bbox 270 1801 389 1856; x_wconf 89' lang='lat' dir='ltr'><strong>eandem</strong></span> <span class='ocrx_word' id='word_1_176' title='bbox 397 1800 577 1870; x_wconf 85' lang='lat' dir='ltr'><strong>intellexerit,</strong></span> <span class='ocrx_word' id='word_1_177' title='bbox 592 1818 676 1872; x_wconf 90' lang='lat' dir='ltr'><strong>quam</strong></span> <span class='ocrx_word' id='word_1_178' title='bbox 694 1819 827 1873; x_wconf 80' lang='lat' dir='ltr'><strong>magnum</strong></span> <span class='ocrx_word' id='word_1_179' title='bbox 862 1802 939 1856; x_wconf 89' lang='lat' dir='ltr'><strong>hunc</strong></span> <span class='ocrx_word' id='word_1_180' title='bbox 973 1819 1066 1856; x_wconf 90' lang='lat' dir='ltr'><strong>rerum</strong></span> <span class='ocrx_word' id='word_1_181' title='bbox 1097 1801 1232 1856; x_wconf 85' lang='lat' dir='ltr'><strong>ambitum</strong></span> 
     </span>
     <span class='ocr_line' id='line_1_21' title="bbox 136 1869 1232 1940; baseline -0.002 -16"><span class='ocrx_word' id='word_1_182' title='bbox 136 1869 249 1940; x_wconf 82' lang='lat' dir='ltr'><strong>aliquot</strong></span> <span class='ocrx_word' id='word_1_183' title='bbox 270 1869 352 1923; x_wconf 87' lang='lat' dir='ltr'><strong>annis</strong></span> <span class='ocrx_word' id='word_1_184' title='bbox 373 1875 440 1939; x_wconf 85' lang='lat' dir='ltr'><strong>post</strong></span> <span class='ocrx_word' id='word_1_185' title='bbox 461 1886 524 1923; x_wconf 90' lang='lat' dir='ltr'><strong>cum</strong></span> <span class='ocrx_word' id='word_1_186' title='bbox 542 1869 676 1924; x_wconf 82' lang='lat' dir='ltr'><strong>historias</strong></span> <span class='ocrx_word' id='word_1_187' title='bbox 714 1887 865 1940; x_wconf 89' lang='lat' dir='ltr'><strong>namquam</strong></span> <span class='ocrx_word' id='word_1_188' title='bbox 903 1869 1016 1926; x_wconf 88' lang='lat' dir='ltr'><strong>nomine</strong></span> <span class='ocrx_word' id='word_1_189' title='bbox 1052 1870 1074 1923; x_wconf 86' lang='lat' dir='ltr'><strong>si</strong></span> <span class='ocrx_word' id='word_1_190' title='bbox 1116 1870 1232 1938; x_wconf 88' lang='lat' dir='ltr'><strong>ificavit,</strong></span> 
     </span>
     <span class='ocr_line' id='line_1_22' title="bbox 135 1889 1232 2008; baseline 0 -16"><span class='ocrx_word' id='word_1_191' title='bbox 135 1937 488 2008; x_wconf 70' lang='lat' dir='ltr'><strong>ederetiterumpromisit</strong></span> <span class='ocrx_word' id='word_1_192' title='bbox 497 1939 547 1992; x_wconf 84' lang='lat' dir='ltr'><strong>sed</strong></span> <span class='ocrx_word' id='word_1_193' title='bbox 557 1937 675 2007; x_wconf 82' lang='lat' dir='ltr'><strong>distulit,</strong></span> <span class='ocrx_word' id='word_1_194' title='bbox 695 1889 808 1994; x_wconf 66' lang='lat' dir='ltr'><strong>Aubites</strong></span> <span class='ocrx_word' id='word_1_195' title='bbox 817 1944 926 2008; x_wconf 84' lang='lat' dir='ltr'><strong>tanrcn,</strong></span> <span class='ocrx_word' id='word_1_196' title='bbox 941 1943 1035 1992; x_wconf 89' lang='lat' dir='ltr'><strong>utrum</strong></span> <span class='ocrx_word' id='word_1_197' title='bbox 1044 1955 1079 1992; x_wconf 86' lang='lat' dir='ltr'><strong>vo</strong></span> <span class='ocrx_word' id='word_1_198' title='bbox 1093 1938 1167 1992; x_wconf 87' lang='lat' dir='ltr'><strong>uerit</strong></span> <span class='ocrx_word' id='word_1_199' title='bbox 1176 1936 1232 1992; x_wconf 59' lang='lat' dir='ltr'><strong>tra-</strong></span> 
     </span>
     <span class='ocr_line' id='line_1_23' title="bbox 135 2005 1234 2077; baseline -0.002 -17"><span class='ocrx_word' id='word_1_200' title='bbox 135 2007 182 2060; x_wconf 86' lang='lat' dir='ltr'><strong>his</strong></span> <span class='ocrx_word' id='word_1_201' title='bbox 198 2005 296 2061; x_wconf 82' lang='lat' dir='ltr'><strong>verbis</strong></span> <span class='ocrx_word' id='word_1_202' title='bbox 313 2023 396 2060; x_wconf 83' lang='lat' dir='ltr'><strong>usus:</strong></span> <span class='ocrx_word' id='word_1_203' title='bbox 422 2008 446 2060; x_wconf 88' lang='lat' dir='ltr'><strong>si</strong></span> <span class='ocrx_word' id='word_1_204' title='bbox 462 2008 515 2060; x_wconf 86' lang='lat' dir='ltr'><strong>cita</strong></span> <span class='ocrx_word' id='word_1_205' title='bbox 527 2009 676 2077; x_wconf 81' lang='lat' dir='ltr'><strong>suppeditet,</strong></span> <span class='ocrx_word' id='word_1_206' title='bbox 695 2007 768 2061; x_wconf 88' lang='lat' dir='ltr'><strong>citus</strong></span> <span class='ocrx_word' id='word_1_207' title='bbox 785 2007 841 2060; x_wconf 88' lang='lat' dir='ltr'><strong>iam</strong></span> <span class='ocrx_word' id='word_1_208' title='bbox 858 2013 917 2060; x_wconf 90' lang='lat' dir='ltr'><strong>tum</strong></span> <span class='ocrx_word' id='word_1_209' title='bbox 936 2006 1086 2062; x_wconf 88' lang='lat' dir='ltr'><strong>scribendo</strong></span> <span class='ocrx_word' id='word_1_210' title='bbox 1099 2006 1234 2077; x_wconf 84' lang='lat' dir='ltr'><strong>amplecti</strong></span> 
     </span>
     <span class='ocr_line' id='line_1_24' title="bbox 132 2074 1233 2154; baseline -0.002 -26"><span class='ocrx_word' id='word_1_211' title='bbox 132 2076 312 2145; x_wconf 80' lang='lat' dir='ltr'><strong>principatum</strong></span> <span class='ocrx_word' id='word_1_212' title='bbox 325 2077 378 2128; x_wconf 86' lang='lat' dir='ltr'><strong>dici</strong></span> <span class='ocrx_word' id='word_1_213' title='bbox 385 2076 494 2128; x_wconf 84' lang='lat' dir='ltr'><strong>Neruae</strong></span> <span class='ocrx_word' id='word_1_214' title='bbox 506 2084 530 2130; x_wconf 89' lang='lat' dir='ltr'><strong>et</strong></span> <span class='ocrx_word' id='word_1_215' title='bbox 542 2077 676 2144; x_wconf 70' lang='lat' dir='ltr'><strong>imperium</strong></span> <span class='ocrx_word' id='word_1_216' title='bbox 694 2081 784 2129; x_wconf 90' lang='lat' dir='ltr'><strong>totum</strong></span> <span class='ocrx_word' id='word_1_217' title='bbox 800 2091 837 2128; x_wconf 86' lang='lat' dir='ltr'><strong>an</strong></span> <span class='ocrx_word' id='word_1_218' title='bbox 850 2091 913 2129; x_wconf 87' lang='lat' dir='ltr'><strong>eam</strong></span> <span class='ocrx_word' id='word_1_219' title='bbox 926 2079 1035 2128; x_wconf 87' lang='lat' dir='ltr'><strong>tantum</strong></span> <span class='ocrx_word' id='word_1_220' title='bbox 1045 2074 1105 2128; x_wconf 92' lang='lat' dir='ltr'><strong>eius</strong></span> <span class='ocrx_word' id='word_1_221' title='bbox 1114 2079 1233 2154; x_wconf 83' lang='lat' dir='ltr'><strong>partem,</strong></span> 
     </span>
     <span class='ocr_line' id='line_1_25' title="bbox 137 2142 1234 2214; baseline -0.002 -18"><span class='ocrx_word' id='word_1_222' title='bbox 137 2145 261 2212; x_wconf 72' lang='lat' dir='ltr'><strong>Troiam,</strong></span> <span class='ocrx_word' id='word_1_223' title='bbox 297 2142 448 2212; x_wconf 60' lang='lat' dir='ltr'><strong>uberiorem„</strong></span> <span class='ocrx_word' id='word_1_224' title='bbox 471 2145 677 2212; x_wconf 61' lang='lat' dir='ltr'><strong>sectatoremque</strong></span> <span class='ocrx_word' id='word_1_225' title='bbox 695 2142 1234 2214; x_wconf 81' lang='lat' dir='ltr'><strong>quamllietoriiscomprehendit3rnih1</strong></span> 
     </span>
     <span class='ocr_line' id='line_1_26' title="bbox 135 2210 1233 2292; baseline 0 -28"><span class='ocrx_word' id='word_1_226' title='bbox 135 2213 285 2277; x_wconf 70' lang='lat' dir='ltr'><strong>ramesiam,</strong></span> <span class='ocrx_word' id='word_1_227' title='bbox 302 2214 427 2266; x_wconf 80' lang='lat' dir='ltr'><strong>senectuti</strong></span> <span class='ocrx_word' id='word_1_228' title='bbox 441 2213 583 2282; x_wconf 73' lang='lat' dir='ltr'><strong>reposui.tl</strong></span> <span class='ocrx_word' id='word_1_229' title='bbox 619 2212 676 2268; x_wconf 85' lang='lat' dir='ltr'><strong>Sed</strong></span> <span class='ocrx_word' id='word_1_230' title='bbox 696 2216 731 2267; x_wconf 89' lang='lat' dir='ltr'><strong>de</strong></span> <span class='ocrx_word' id='word_1_231' title='bbox 745 2217 807 2265; x_wconf 87' lang='lat' dir='ltr'><strong>toto</strong></span> <span class='ocrx_word' id='word_1_232' title='bbox 826 2228 889 2266; x_wconf 88' lang='lat' dir='ltr'><strong>eum</strong></span> <span class='ocrx_word' id='word_1_233' title='bbox 908 2210 1049 2292; x_wconf 77' lang='lat' dir='ltr'><strong>cogitasse</strong></span> <span class='ocrx_word' id='word_1_234' title='bbox 1066 2227 1125 2264; x_wconf 90' lang='lat' dir='ltr'><strong>non</strong></span> <span class='ocrx_word' id='word_1_235' title='bbox 1143 2210 1233 2264; x_wconf 84' lang='lat' dir='ltr'><strong>solum</strong></span> 
     </span>
     <span class='ocr_line' id='line_1_27' title="bbox 135 2279 1232 2351; baseline 0 -17"><span class='ocrx_word' id='word_1_236' title='bbox 135 2279 301 2334; x_wconf 86' lang='lat' dir='ltr'><strong>memoriam</strong></span> <span class='ocrx_word' id='word_1_237' title='bbox 317 2279 419 2350; x_wconf 87' lang='lat' dir='ltr'><strong>prioris</strong></span> <span class='ocrx_word' id='word_1_238' title='bbox 434 2279 577 2334; x_wconf 84' lang='lat' dir='ltr'><strong>servitutis</strong></span> <span class='ocrx_word' id='word_1_239' title='bbox 592 2296 676 2351; x_wconf 88' lang='lat' dir='ltr'><strong>quac·</strong></span> <span class='ocrx_word' id='word_1_240' title='bbox 696 2281 733 2335; x_wconf 92' lang='lat' dir='ltr'><strong>ob</strong></span> <span class='ocrx_word' id='word_1_241' title='bbox 747 2279 869 2334; x_wconf 86' lang='lat' dir='ltr'><strong>nominis</strong></span> <span class='ocrx_word' id='word_1_242' title='bbox 883 2279 1120 2349; x_wconf 79' lang='lat' dir='ltr'><strong>significationem</strong></span> <span class='ocrx_word' id='word_1_243' title='bbox 1130 2280 1232 2349; x_wconf 88' lang='lat' dir='ltr'><strong>proba·</strong></span> 
     </span>
     <span class='ocr_line' id='line_1_28' title="bbox 134 2347 1233 2429; baseline -0.001 -28"><span class='ocrx_word' id='word_1_244' title='bbox 134 2349 206 2402; x_wconf 89' lang='lat' dir='ltr'><strong>ritur</strong></span> <span class='ocrx_word' id='word_1_245' title='bbox 221 2348 327 2402; x_wconf 88' lang='lat' dir='ltr'><strong>solisne</strong></span> <span class='ocrx_word' id='word_1_246' title='bbox 341 2348 468 2402; x_wconf 85' lang='lat' dir='ltr'><strong>historiis</strong></span> <span class='ocrx_word' id='word_1_247' title='bbox 482 2349 620 2404; x_wconf 77' lang='lat' dir='ltr'><strong>contineri</strong></span> <span class='ocrx_word' id='word_1_248' title='bbox 629 2366 676 2403; x_wconf 84' lang='lat' dir='ltr'><strong>vo·</strong></span> <span class='ocrx_word' id='word_1_249' title='bbox 695 2349 751 2404; x_wconf 93' lang='lat' dir='ltr'><strong>bile</strong></span> <span class='ocrx_word' id='word_1_250' title='bbox 770 2347 883 2402; x_wconf 88' lang='lat' dir='ltr'><strong>videtur</strong></span> <span class='ocrx_word' id='word_1_251' title='bbox 896 2350 947 2403; x_wconf 89' lang='lat' dir='ltr'><strong>sed</strong></span> <span class='ocrx_word' id='word_1_252' title='bbox 962 2348 1048 2402; x_wconf 87' lang='lat' dir='ltr'><strong>etiam</strong></span> <span class='ocrx_word' id='word_1_253' title='bbox 1061 2348 1136 2418; x_wconf 88' lang='lat' dir='ltr'><strong>ideo,</strong></span> <span class='ocrx_word' id='word_1_254' title='bbox 1156 2348 1233 2429; x_wconf 90' lang='lat' dir='ltr'><strong>quod</strong></span> 
     </span>
     <span class='ocr_line' id='line_1_29' title="bbox 135 2416 1233 2488; baseline -0.002 -18"><span class='ocrx_word' id='word_1_255' title='bbox 135 2416 267 2472; x_wconf 87' lang='lat' dir='ltr'><strong>lueritan</strong></span> <span class='ocrx_word' id='word_1_256' title='bbox 276 2417 332 2470; x_wconf 87' lang='lat' dir='ltr'><strong>iam</strong></span> <span class='ocrx_word' id='word_1_257' title='bbox 341 2422 401 2470; x_wconf 90' lang='lat' dir='ltr'><strong>tum</strong></span> <span class='ocrx_word' id='word_1_258' title='bbox 411 2418 446 2472; x_wconf 93' lang='lat' dir='ltr'><strong>de</strong></span> <span class='ocrx_word' id='word_1_259' title='bbox 456 2416 598 2486; x_wconf 84' lang='lat' dir='ltr'><strong>prioribus</strong></span> <span class='ocrx_word' id='word_1_260' title='bbox 608 2433 676 2488; x_wconf 89' lang='lat' dir='ltr'><strong>quo·</strong></span> <span class='ocrx_word' id='word_1_261' title='bbox 693 2418 723 2471; x_wconf 94' lang='lat' dir='ltr'><strong>in</strong></span> <span class='ocrx_word' id='word_1_262' title='bbox 733 2417 921 2472; x_wconf 88' lang='lat' dir='ltr'><strong>Historiarum</strong></span> <span class='ocrx_word' id='word_1_263' title='bbox 935 2417 1051 2472; x_wconf 89' lang='lat' dir='ltr'><strong>exordio</strong></span> <span class='ocrx_word' id='word_1_264' title='bbox 1066 2433 1148 2472; x_wconf 89' lang='lat' dir='ltr'><strong>omne</strong></span> <span class='ocrx_word' id='word_1_265' title='bbox 1162 2417 1233 2470; x_wconf 78' lang='lat' dir='ltr'><strong>illud</strong></span> 
     </span>
     <span class='ocr_line' id='line_1_30' title="bbox 136 2484 1233 2557; baseline -0.002 -19"><span class='ocrx_word' id='word_1_266' title='bbox 136 2501 191 2556; x_wconf 89' lang='lat' dir='ltr'><strong>quc</strong></span> <span class='ocrx_word' id='word_1_267' title='bbox 209 2485 386 2554; x_wconf 87' lang='lat' dir='ltr'><strong>temporibus</strong></span> <span class='ocrx_word' id='word_1_268' title='bbox 405 2485 587 2556; x_wconf 59' lang='lat' dir='ltr'><strong>cogitaverim</strong></span> <span class='ocrx_word' id='word_1_269' title='bbox 608 2484 677 2539; x_wconf 79' lang='lat' dir='ltr'><strong>ntihi</strong></span> <span class='ocrx_word' id='word_1_270' title='bbox 694 2493 820 2557; x_wconf 88' lang='lat' dir='ltr'><strong>tempus,</strong></span> <span class='ocrx_word' id='word_1_271' title='bbox 846 2486 923 2557; x_wconf 84' lang='lat' dir='ltr'><strong>quod</strong></span> <span class='ocrx_word' id='word_1_272' title='bbox 946 2486 1001 2540; x_wconf 82' lang='lat' dir='ltr'><strong>fuit</strong></span> <span class='ocrx_word' id='word_1_273' title='bbox 1021 2492 1088 2554; x_wconf 88' lang='lat' dir='ltr'><strong>post</strong></span> <span class='ocrx_word' id='word_1_274' title='bbox 1108 2502 1233 2555; x_wconf 85' lang='lat' dir='ltr'><strong>pugnam</strong></span> 
     </span>
     <span class='ocr_line' id='line_1_31' title="bbox 135 2551 1233 2624; baseline -0.002 -16"><span class='ocrx_word' id='word_1_275' title='bbox 135 2555 259 2608; x_wconf 88' lang='lat' dir='ltr'><strong>alterurn</strong></span> <span class='ocrx_word' id='word_1_276' title='bbox 272 2554 343 2607; x_wconf 86' lang='lat' dir='ltr'><strong>illud</strong></span> <span class='ocrx_word' id='word_1_277' title='bbox 358 2551 419 2608; x_wconf 88' lang='lat' dir='ltr'><strong>fieri</strong></span> <span class='ocrx_word' id='word_1_278' title='bbox 432 2571 491 2608; x_wconf 90' lang='lat' dir='ltr'><strong>non</strong></span> <span class='ocrx_word' id='word_1_279' title='bbox 503 2571 590 2624; x_wconf 85' lang='lat' dir='ltr'><strong>posse</strong></span> <span class='ocrx_word' id='word_1_280' title='bbox 599 2553 676 2608; x_wconf 87' lang='lat' dir='ltr'><strong>vide·</strong></span> <span class='ocrx_word' id='word_1_281' title='bbox 692 2553 854 2623; x_wconf 85' lang='lat' dir='ltr'><strong>Actiacam,</strong></span> <span class='ocrx_word' id='word_1_282' title='bbox 869 2559 957 2624; x_wconf 84' lang='lat' dir='ltr'><strong>negat</strong></span> <span class='ocrx_word' id='word_1_283' title='bbox 968 2571 1088 2624; x_wconf 80' lang='lat' dir='ltr'><strong>magnos</strong></span> <span class='ocrx_word' id='word_1_284' title='bbox 1102 2560 1233 2608; x_wconf 89' lang='lat' dir='ltr'><strong>auctores</strong></span> 
     </span>
     <span class='ocr_line' id='line_1_32' title="bbox 135 2621 1233 2704; baseline -0.002 -28"><span class='ocrx_word' id='word_1_285' title='bbox 135 2629 197 2690; x_wconf 82' lang='lat' dir='ltr'><strong>tur;</strong></span> <span class='ocrx_word' id='word_1_286' title='bbox 232 2621 389 2676; x_wconf 86' lang='lat' dir='ltr'><strong>Domitiani</strong></span> <span class='ocrx_word' id='word_1_287' title='bbox 415 2623 490 2677; x_wconf 89' lang='lat' dir='ltr'><strong>euim</strong></span> <span class='ocrx_word' id='word_1_288' title='bbox 516 2621 676 2692; x_wconf 88' lang='lat' dir='ltr'><strong>quindecim</strong></span> <span class='ocrx_word' id='word_1_289' title='bbox 694 2622 1233 2704; x_wconf 84' lang='lat' dir='ltr'><strong>habere,quipa1·ieloquentiaetliber-</strong></span> 
     </span>
     <span class='ocr_line' id='line_1_33' title="bbox 135 2689 1234 2762; baseline -0.004 -17"><span class='ocrx_word' id='word_1_290' title='bbox 135 2707 277 2746; x_wconf 84' lang='lat' dir='ltr'><strong>annorum</strong></span> <span class='ocrx_word' id='word_1_291' title='bbox 301 2689 479 2761; x_wconf 86' lang='lat' dir='ltr'><strong>principatus</strong></span> <span class='ocrx_word' id='word_1_292' title='bbox 506 2707 676 2762; x_wconf 90' lang='lat' dir='ltr'><strong>quamquam</strong></span> <span class='ocrx_word' id='word_1_293' title='bbox 694 2697 753 2746; x_wconf 89' lang='lat' dir='ltr'><strong>tate</strong></span> <span class='ocrx_word' id='word_1_294' title='bbox 767 2709 811 2745; x_wconf 84' lang='lat' dir='ltr'><strong>nst</strong></span> <span class='ocrx_word' id='word_1_295' title='bbox 825 2691 895 2760; x_wconf 77' lang='lat' dir='ltr'><strong>sint3</strong></span> <span class='ocrx_word' id='word_1_296' title='bbox 915 2689 998 2744; x_wconf 92' lang='lat' dir='ltr'><strong>simul</strong></span> <span class='ocrx_word' id='word_1_297' title='bbox 1008 2693 1154 2746; x_wconf 87' lang='lat' dir='ltr'><strong>veritatem</strong></span> <span class='ocrx_word' id='word_1_298' title='bbox 1165 2689 1234 2743; x_wconf 88' lang='lat' dir='ltr'><strong>dicit</strong></span> 
     </span>
     <span class='ocr_line' id='line_1_34' title="bbox 135 2759 1233 2841; baseline -0.004 -27"><span class='ocrx_word' id='word_1_299' title='bbox 135 2759 379 2839; x_wconf 78' lang='lat' dir='ltr'><strong>attulitltomauis</strong></span> <span class='ocrx_word' id='word_1_300' title='bbox 389 2759 551 2839; x_wconf 80' lang='lat' dir='ltr'><strong>servitutem</strong></span> <span class='ocrx_word' id='word_1_301' title='bbox 562 2759 676 2839; x_wconf 81' lang='lat' dir='ltr'><strong>durissi·</strong></span> <span class='ocrx_word' id='word_1_302' title='bbox 695 2759 826 2841; x_wconf 64' lang='lat' dir='ltr'><strong>plurilsus</strong></span> <span class='ocrx_word' id='word_1_303' title='bbox 835 2759 926 2841; x_wconf 79' lang='lat' dir='ltr'><strong>modis</strong></span> <span class='ocrx_word' id='word_1_304' title='bbox 936 2760 1099 2840; x_wconf 76' lang='lat' dir='ltr'><strong>infractam,</strong></span> <span class='ocrx_word' id='word_1_305' title='bbox 1113 2759 1233 2839; x_wconf 76' lang='lat' dir='ltr'><strong>primum</strong></span> 
     </span>
     <span class='ocr_line' id='line_1_35' title="bbox 135 2827 1233 2967; baseline -0.002 -18"><span class='ocrx_word' id='word_1_306' title='bbox 135 2827 677 2967; x_wconf 64' lang='lat' dir='ltr'><strong>stutatttttttttitttt</strong></span> <span class='ocrx_word' id='word_1_307' title='bbox 695 2828 1233 2952; x_wconf 57' lang='lat' dir='ltr'><strong>stultiutrettulistis</strong></span> 
     </span>
     <span class='ocr_line' id='line_1_36' title="bbox 136 2963 1234 3036; baseline -0.001 -20"><span class='ocrx_word' id='word_1_308' title='bbox 136 2968 225 3018; x_wconf 83' lang='lat' dir='ltr'><strong>timum</strong></span> <span class='ocrx_word' id='word_1_309' title='bbox 234 2967 263 3018; x_wconf 84' lang='lat' dir='ltr'><strong>ia</strong></span> <span class='ocrx_word' id='word_1_310' title='bbox 277 2965 393 3018; x_wconf 83' lang='lat' dir='ltr'><strong>libertate</strong></span> <span class='ocrx_word' id='word_1_311' title='bbox 406 2973 481 3028; x_wconf 86' lang='lat' dir='ltr'><strong>esset,</strong></span> <span class='ocrx_word' id='word_1_312' title='bbox 495 2967 533 3018; x_wconf 87' lang='lat' dir='ltr'><strong>ita</strong></span> <span class='ocrx_word' id='word_1_313' title='bbox 541 2983 602 3031; x_wconf 83' lang='lat' dir='ltr'><strong>uos,</strong></span> <span class='ocrx_word' id='word_1_314' title='bbox 617 2967 678 3036; x_wconf 85' lang='lat' dir='ltr'><strong>quid</strong></span> <span class='ocrx_word' id='word_1_315' title='bbox 696 2966 762 3020; x_wconf 91' lang='lat' dir='ltr'><strong>odio</strong></span> <span class='ocrx_word' id='word_1_316' title='bbox 793 2967 930 3020; x_wconf 88' lang='lat' dir='ltr'><strong>adversus</strong></span> <span class='ocrx_word' id='word_1_317' title='bbox 960 2964 1158 3029; x_wconf 80' lang='lat' dir='ltr'><strong>dominantes3</strong></span> <span class='ocrx_word' id='word_1_318' title='bbox 1192 2963 1234 3016; x_wconf 86' lang='lat' dir='ltr'><strong>ita</strong></span> 
     </span>
     <span class='ocr_line' id='line_1_37' title="bbox 135 3031 1233 3102; baseline -0.001 -17"><span class='ocrx_word' id='word_1_319' title='bbox 135 3035 163 3086; x_wconf 85' lang='lat' dir='ltr'><strong>in</strong></span> <span class='ocrx_word' id='word_1_320' title='bbox 187 3034 356 3086; x_wconf 68' lang='lat' dir='ltr'><strong>seruituterttt</strong></span> <span class='ocrx_word' id='word_1_321' title='bbox 382 3049 441 3086; x_wconf 89' lang='lat' dir='ltr'><strong>non</strong></span> <span class='ocrx_word' id='word_1_322' title='bbox 462 3039 556 3088; x_wconf 83' lang='lat' dir='ltr'><strong>tamen</strong></span> <span class='ocrx_word' id='word_1_323' title='bbox 581 3038 678 3102; x_wconf 89' lang='lat' dir='ltr'><strong>potest</strong></span> <span class='ocrx_word' id='word_1_324' title='bbox 695 3033 802 3088; x_wconf 87' lang='lat' dir='ltr'><strong>neutris</strong></span> <span class='ocrx_word' id='word_1_325' title='bbox 830 3049 925 3086; x_wconf 89' lang='lat' dir='ltr'><strong>curam</strong></span> <span class='ocrx_word' id='word_1_326' title='bbox 947 3032 1122 3100; x_wconf 86' lang='lat' dir='ltr'><strong>posteritatis</strong></span> <span class='ocrx_word' id='word_1_327' title='bbox 1145 3031 1233 3084; x_wconf 84' lang='lat' dir='ltr'><strong>fuisse</strong></span> 
     </span>
     <span class='ocr_line' id='line_1_38' title="bbox 136 3098 1233 3173; baseline -0.004 -17"><span class='ocrx_word' id='word_1_328' title='bbox 136 3100 309 3171; x_wconf 86' lang='lat' dir='ltr'><strong>Vespasiani</strong></span> <span class='ocrx_word' id='word_1_329' title='bbox 327 3117 441 3173; x_wconf 91' lang='lat' dir='ltr'><strong>quoque</strong></span> <span class='ocrx_word' id='word_1_330' title='bbox 460 3107 489 3155; x_wconf 86' lang='lat' dir='ltr'><strong>et</strong></span> <span class='ocrx_word' id='word_1_331' title='bbox 503 3101 563 3156; x_wconf 80' lang='lat' dir='ltr'><strong>&#39;riti</strong></span> <span class='ocrx_word' id='word_1_332' title='bbox 575 3101 677 3171; x_wconf 91' lang='lat' dir='ltr'><strong>princi·</strong></span> <span class='ocrx_word' id='word_1_333' title='bbox 695 3099 961 3156; x_wconf 83' lang='lat' dir='ltr'><strong>interinfensosvel</strong></span> <span class='ocrx_word' id='word_1_334' title='bbox 972 3099 1120 3152; x_wconf 88' lang='lat' dir='ltr'><strong>obnoxios.</strong></span> <span class='ocrx_word' id='word_1_335' title='bbox 1139 3098 1233 3162; x_wconf 81' lang='lat' dir='ltr'><strong>Quare</strong></span> 
     </span>
     <span class='ocr_line' id='line_1_39' title="bbox 137 3166 1233 3240; baseline -0.003 -17"><span class='ocrx_word' id='word_1_336' title='bbox 137 3177 223 3238; x_wconf 87' lang='lat' dir='ltr'><strong>patus</strong></span> <span class='ocrx_word' id='word_1_337' title='bbox 241 3169 306 3238; x_wconf 88' lang='lat' dir='ltr'><strong>pari</strong></span> <span class='ocrx_word' id='word_1_338' title='bbox 322 3169 383 3223; x_wconf 89' lang='lat' dir='ltr'><strong>iure</strong></span> <span class='ocrx_word' id='word_1_339' title='bbox 402 3170 546 3224; x_wconf 86' lang='lat' dir='ltr'><strong>servitutis</strong></span> <span class='ocrx_word' id='word_1_340' title='bbox 563 3169 677 3224; x_wconf 90' lang='lat' dir='ltr'><strong>nomine</strong></span> <span class='ocrx_word' id='word_1_341' title='bbox 696 3174 829 3240; x_wconf 84' lang='lat' dir='ltr'><strong>apparet,</strong></span> <span class='ocrx_word' id='word_1_342' title='bbox 843 3167 989 3234; x_wconf 88' lang='lat' dir='ltr'><strong>Tacitum,</strong></span> <span class='ocrx_word' id='word_1_343' title='bbox 1006 3166 1233 3235; x_wconf 85' lang='lat' dir='ltr'><strong>quiiamrarasc</strong></span> 
     </span>
     <span class='ocr_line' id='line_1_40' title="bbox 138 3234 1232 3308; baseline -0.005 -17"><span class='ocrx_word' id='word_1_344' title='bbox 138 3238 355 3308; x_wconf 82' lang='lat' dir='ltr'><strong>comprehendi3</strong></span> <span class='ocrx_word' id='word_1_345' title='bbox 365 3255 456 3308; x_wconf 90' lang='lat' dir='ltr'><strong>neque</strong></span> <span class='ocrx_word' id='word_1_346' title='bbox 466 3238 677 3307; x_wconf 83' lang='lat' dir='ltr'><strong>ctiamGalbae,</strong></span> <span class='ocrx_word' id='word_1_347' title='bbox 696 3235 853 3307; x_wconf 78' lang='lat' dir='ltr'><strong>tempomm</strong></span> <span class='ocrx_word' id='word_1_348' title='bbox 866 3235 1003 3290; x_wconf 84' lang='lat' dir='ltr'><strong>felicitate</strong></span> <span class='ocrx_word' id='word_1_349' title='bbox 1013 3235 1068 3291; x_wconf 84' lang='lat' dir='ltr'><strong>frui</strong></span> <span class='ocrx_word' id='word_1_350' title='bbox 1078 3234 1232 3305; x_wconf 85' lang='lat' dir='ltr'><strong>praedicat,</strong></span> 
     </span>
     <span class='ocr_line' id='line_1_41' title="bbox 138 3304 1233 3377; baseline -0.004 -17"><span class='ocrx_word' id='word_1_351' title='bbox 138 3306 271 3375; x_wconf 89' lang='lat' dir='ltr'><strong>Othonis,</strong></span> <span class='ocrx_word' id='word_1_352' title='bbox 285 3306 395 3361; x_wconf 90' lang='lat' dir='ltr'><strong>Vitellii</strong></span> <span class='ocrx_word' id='word_1_353' title='bbox 407 3313 536 3376; x_wconf 87' lang='lat' dir='ltr'><strong>tempora</strong></span> <span class='ocrx_word' id='word_1_354' title='bbox 550 3307 677 3377; x_wconf 89' lang='lat' dir='ltr'><strong>quamvis</strong></span> <span class='ocrx_word' id='word_1_355' title='bbox 695 3305 858 3361; x_wconf 88' lang='lat' dir='ltr'><strong>ubisentire</strong></span> <span class='ocrx_word' id='word_1_356' title='bbox 869 3304 1037 3375; x_wconf 82' lang='lat' dir='ltr'><strong>quaerelis,</strong></span> <span class='ocrx_word' id='word_1_357' title='bbox 1052 3310 1161 3375; x_wconf 85' lang='lat' dir='ltr'><strong>atquae</strong></span> <span class='ocrx_word' id='word_1_358' title='bbox 1173 3320 1233 3358; x_wconf 89' lang='lat' dir='ltr'><strong>sen-</strong></span> 
     </span>
     <span class='ocr_line' id='line_1_42' title="bbox 137 3372 1233 3444; baseline -0.003 -16"><span class='ocrx_word' id='word_1_359' title='bbox 137 3375 222 3430; x_wconf 89' lang='lat' dir='ltr'><strong>bellis</strong></span> <span class='ocrx_word' id='word_1_360' title='bbox 232 3374 363 3429; x_wconf 89' lang='lat' dir='ltr'><strong>civilibus</strong></span> <span class='ocrx_word' id='word_1_361' title='bbox 373 3375 485 3442; x_wconf 89' lang='lat' dir='ltr'><strong>afflicta,</strong></span> <span class='ocrx_word' id='word_1_362' title='bbox 500 3375 630 3430; x_wconf 88' lang='lat' dir='ltr'><strong>servituti</strong></span> <span class='ocrx_word' id='word_1_363' title='bbox 637 3375 677 3428; x_wconf 88' lang='lat' dir='ltr'><strong>ita</strong></span> <span class='ocrx_word' id='word_1_364' title='bbox 696 3374 950 3441; x_wconf 83' lang='lat' dir='ltr'><strong>tiasdicereliceat,</strong></span> <span class='ocrx_word' id='word_1_365' title='bbox 960 3373 1126 3444; x_wconf 82' lang='lat' dir='ltr'><strong>intellegere</strong></span> <span class='ocrx_word' id='word_1_366' title='bbox 1137 3372 1233 3442; x_wconf 84' lang='lat' dir='ltr'><strong>ipsum,</strong></span> 
     </span>
     <span class='ocr_line' id='line_1_43' title="bbox 137 3441 1232 3513; baseline -0.001 -17"><span class='ocrx_word' id='word_1_367' title='bbox 137 3443 336 3497; x_wconf 86' lang='lat' dir='ltr'><strong>utDomitiani</strong></span> <span class='ocrx_word' id='word_1_368' title='bbox 346 3445 489 3497; x_wconf 86' lang='lat' dir='ltr'><strong>accenseri</strong></span> <span class='ocrx_word' id='word_1_369' title='bbox 499 3449 633 3513; x_wconf 79' lang='lat' dir='ltr'><strong>possunt3</strong></span> <span class='ocrx_word' id='word_1_370' title='bbox 648 3451 678 3498; x_wconf 87' lang='lat' dir='ltr'><strong>at</strong></span> <span class='ocrx_word' id='word_1_371' title='bbox 697 3444 721 3498; x_wconf 90' lang='lat' dir='ltr'><strong>si</strong></span> <span class='ocrx_word' id='word_1_372' title='bbox 730 3444 784 3498; x_wconf 86' lang='lat' dir='ltr'><strong>hec</strong></span> <span class='ocrx_word' id='word_1_373' title='bbox 794 3443 931 3497; x_wconf 87' lang='lat' dir='ltr'><strong>felicitate</strong></span> <span class='ocrx_word' id='word_1_374' title='bbox 941 3444 1076 3496; x_wconf 90' lang='lat' dir='ltr'><strong>utendum</strong></span> <span class='ocrx_word' id='word_1_375' title='bbox 1085 3441 1232 3495; x_wconf 89' lang='lat' dir='ltr'><strong>historiae-</strong></span> 
     </span>
     <span class='ocr_line' id='line_1_44' title="bbox 137 3509 1234 3582; baseline -0.004 -16"><span class='ocrx_word' id='word_1_376' title='bbox 137 3517 303 3580; x_wconf 80' lang='lat' dir='ltr'><strong>possuntne</strong></span> <span class='ocrx_word' id='word_1_377' title='bbox 312 3511 550 3582; x_wconf 79' lang='lat' dir='ltr'><strong>dcbent&#39;l&#39;iberii,</strong></span> <span class='ocrx_word' id='word_1_378' title='bbox 566 3509 677 3582; x_wconf 80' lang='lat' dir='ltr'><strong>Caligu-</strong></span> <span class='ocrx_word' id='word_1_379' title='bbox 696 3511 868 3582; x_wconf 79' lang='lat' dir='ltr'><strong>quereritati</strong></span> <span class='ocrx_word' id='word_1_380' title='bbox 878 3512 1082 3566; x_wconf 90' lang='lat' dir='ltr'><strong>consulendum</strong></span> <span class='ocrx_word' id='word_1_381' title='bbox 1091 3512 1136 3578; x_wconf 89' lang='lat' dir='ltr'><strong>sit,</strong></span> <span class='ocrx_word' id='word_1_382' title='bbox 1143 3515 1234 3564; x_wconf 89' lang='lat' dir='ltr'><strong>totum</strong></span> 
     </span>
     <span class='ocr_line' id='line_1_45' title="bbox 139 3576 1233 3650; baseline -0.002 -18"><span class='ocrx_word' id='word_1_383' title='bbox 139 3583 197 3649; x_wconf 90' lang='lat' dir='ltr'><strong>lac,</strong></span> <span class='ocrx_word' id='word_1_384' title='bbox 213 3579 339 3648; x_wconf 84' lang='lat' dir='ltr'><strong>Claudii,</strong></span> <span class='ocrx_word' id='word_1_385' title='bbox 353 3579 476 3635; x_wconf 88' lang='lat' dir='ltr'><strong>Neronis</strong></span> <span class='ocrx_word' id='word_1_386' title='bbox 485 3587 616 3650; x_wconf 88' lang='lat' dir='ltr'><strong>tempora</strong></span> <span class='ocrx_word' id='word_1_387' title='bbox 624 3589 678 3634; x_wconf 87' lang='lat' dir='ltr'><strong>nec</strong></span> <span class='ocrx_word' id='word_1_388' title='bbox 696 3580 767 3634; x_wconf 91' lang='lat' dir='ltr'><strong>illud</strong></span> <span class='ocrx_word' id='word_1_389' title='bbox 777 3586 888 3649; x_wconf 86' lang='lat' dir='ltr'><strong>tempus</strong></span> <span class='ocrx_word' id='word_1_390' title='bbox 899 3579 1161 3634; x_wconf 84' lang='lat' dir='ltr'><strong>scribendumesse.</strong></span> <span class='ocrx_word' id='word_1_391' title='bbox 1177 3576 1233 3631; x_wconf 85' lang='lat' dir='ltr'><strong>Sed</strong></span> 
     </span>
     <span class='ocr_line' id='line_1_46' title="bbox 139 3645 1234 3768; baseline -0.004 -67"><span class='ocrx_word' id='word_1_392' title='bbox 139 3649 217 3702; x_wconf 90' lang='lat' dir='ltr'><strong>credi</strong></span> <span class='ocrx_word' id='word_1_393' title='bbox 237 3654 337 3718; x_wconf 85' lang='lat' dir='ltr'><strong>potest</strong></span> <span class='ocrx_word' id='word_1_394' title='bbox 357 3649 429 3704; x_wconf 87' lang='lat' dir='ltr'><strong>haec</strong></span> <span class='ocrx_word' id='word_1_395' title='bbox 450 3666 509 3703; x_wconf 92' lang='lat' dir='ltr'><strong>non</strong></span> <span class='ocrx_word' id='word_1_396' title='bbox 531 3649 560 3702; x_wconf 94' lang='lat' dir='ltr'><strong>in</strong></span> <span class='ocrx_word' id='word_1_397' title='bbox 583 3655 677 3702; x_wconf 88' lang='lat' dir='ltr'><strong>mente</strong></span> <span class='ocrx_word' id='word_1_398' title='bbox 696 3645 1234 3768; x_wconf 69' lang='lat' dir='ltr'><strong>eiusrursuspartemtantumtractayit</strong></span> 
     </span>
     <span class='ocr_line' id='line_1_47' title="bbox 139 3714 1234 3787; baseline -0.005 -18"><span class='ocrx_word' id='word_1_399' title='bbox 139 3716 245 3772; x_wconf 88' lang='lat' dir='ltr'><strong>habere</strong></span> <span class='ocrx_word' id='word_1_400' title='bbox 263 3734 327 3770; x_wconf 88' lang='lat' dir='ltr'><strong>eum</strong></span> <span class='ocrx_word' id='word_1_401' title='bbox 341 3717 389 3787; x_wconf 91' lang='lat' dir='ltr'><strong>qui</strong></span> <span class='ocrx_word' id='word_1_402' title='bbox 404 3719 440 3772; x_wconf 92' lang='lat' dir='ltr'><strong>de</strong></span> <span class='ocrx_word' id='word_1_403' title='bbox 455 3717 588 3772; x_wconf 87' lang='lat' dir='ltr'><strong>servitute</strong></span> <span class='ocrx_word' id='word_1_404' title='bbox 603 3717 677 3772; x_wconf 89' lang='lat' dir='ltr'><strong>dice·</strong></span> <span class='ocrx_word' id='word_1_405' title='bbox 696 3733 759 3770; x_wconf 88' lang='lat' dir='ltr'><strong>cum</strong></span> <span class='ocrx_word' id='word_1_406' title='bbox 778 3717 862 3770; x_wconf 90' lang='lat' dir='ltr'><strong>Anna</strong></span> <span class='ocrx_word' id='word_1_407' title='bbox 875 3734 905 3770; x_wconf 93' lang='lat' dir='ltr'><strong>es</strong></span> <span class='ocrx_word' id='word_1_408' title='bbox 924 3715 1027 3782; x_wconf 75' lang='lat' dir='ltr'><strong>edidit,</strong></span> <span class='ocrx_word' id='word_1_409' title='bbox 1051 3714 1144 3768; x_wconf 79' lang='lat' dir='ltr'><strong>omisit</strong></span> <span class='ocrx_word' id='word_1_410' title='bbox 1161 3729 1234 3766; x_wconf 85' lang='lat' dir='ltr'><strong>emm</strong></span> 
     </span>
     <span class='ocr_line' id='line_1_48' title="bbox 140 3781 1234 3856; baseline -0.004 -19"><span class='ocrx_word' id='word_1_411' title='bbox 140 3791 190 3840; x_wconf 82' lang='lat' dir='ltr'><strong>ret</strong></span> <span class='ocrx_word' id='word_1_412' title='bbox 226 3786 301 3850; x_wconf 86' lang='lat' dir='ltr'><strong>Quid</strong></span> <span class='ocrx_word' id='word_1_413' title='bbox 324 3787 401 3856; x_wconf 90' lang='lat' dir='ltr'><strong>quod</strong></span> <span class='ocrx_word' id='word_1_414' title='bbox 418 3785 541 3856; x_wconf 86' lang='lat' dir='ltr'><strong>Augusti</strong></span> <span class='ocrx_word' id='word_1_415' title='bbox 564 3801 677 3856; x_wconf 90' lang='lat' dir='ltr'><strong>quoque</strong></span> <span class='ocrx_word' id='word_1_416' title='bbox 695 3783 820 3855; x_wconf 82' lang='lat' dir='ltr'><strong>Augusti</strong></span> <span class='ocrx_word' id='word_1_417' title='bbox 833 3790 975 3852; x_wconf 87' lang='lat' dir='ltr'><strong>tempora,</strong></span> <span class='ocrx_word' id='word_1_418' title='bbox 990 3783 1093 3852; x_wconf 84' lang='lat' dir='ltr'><strong>quibus</strong></span> <span class='ocrx_word' id='word_1_419' title='bbox 1107 3781 1234 3836; x_wconf 86' lang='lat' dir='ltr'><strong>dicendis</strong></span> 
     </span>
     <span class='ocr_line' id='line_1_49' title="bbox 139 3853 866 3924; baseline 0.003 -18"><span class='ocrx_word' id='word_1_420' title='bbox 139 3854 316 3924; x_wconf 89' lang='lat' dir='ltr'><strong>principatus</strong></span> <span class='ocrx_word' id='word_1_421' title='bbox 326 3853 471 3908; x_wconf 88' lang='lat' dir='ltr'><strong>servitutis</strong></span> <span class='ocrx_word' id='word_1_422' title='bbox 480 3853 593 3909; x_wconf 89' lang='lat' dir='ltr'><strong>nomine</strong></span> <span class='ocrx_word' id='word_1_423' title='bbox 603 3870 677 3907; x_wconf 83' lang='lat' dir='ltr'><strong>conr·</strong></span> <span class='ocrx_word' id='word_1_424' title='bbox 698 3897 866 3911; x_wconf 79' lang='grc'><em>..-...</em></span> 
     </span>
     <span class='ocr_line' id='line_1_50' title="bbox 140 3921 892 4002; baseline -0.004 -24"><span class='ocrx_word' id='word_1_425' title='bbox 140 3922 343 3991; x_wconf 83' lang='lat' dir='ltr'><strong>prehenditur?</strong></span> <span class='ocrx_word' id='word_1_426' title='bbox 360 3921 677 3993; x_wconf 80' lang='lat' dir='ltr'><strong>Augustusenimhaud</strong></span> <span class='ocrx_word' id='word_1_427' title='bbox 734 3959 759 3996; x_wconf 76' lang='lat'><strong>,9</strong></span> <span class='ocrx_word' id='word_1_428' title='bbox 777 3957 834 3996; x_wconf 45' lang='grc' dir='ltr'><strong>ΗΜ,</strong></span> <span class='ocrx_word' id='word_1_429' title='bbox 845 3957 862 4002; x_wconf 46' lang='grc'><strong>1,</strong></span> <span class='ocrx_word' id='word_1_430' title='bbox 873 3957 892 3995; x_wconf 43' lang='lat'><strong>1·</strong></span> 
     </span>
    </p>
   </div>
   <div class='ocr_carea' id='block_1_4' title="bbox 141 3990 1260 4274">
    <p class='ocr_par' dir='ltr' id='par_1_4' title="bbox 141 3990 893 4062">
     <span class='ocr_line' id='line_1_51' title="bbox 141 3990 893 4062; baseline 0.003 -19"><span class='ocrx_word' id='word_1_431' title='bbox 141 3991 225 4046; x_wconf 91' lang='lat' dir='ltr'><strong>dubie</strong></span> <span class='ocrx_word' id='word_1_432' title='bbox 243 3990 388 4045; x_wconf 77' lang='lat' dir='ltr'><strong>ex.&#39;l&#39;aciti</strong></span> <span class='ocrx_word' id='word_1_433' title='bbox 406 3991 521 4062; x_wconf 86' lang='lat' dir='ltr'><strong>quidem</strong></span> <span class='ocrx_word' id='word_1_434' title='bbox 537 3990 678 4048; x_wconf 86' lang='lat' dir='ltr'><strong>sententia</strong></span> <span class='ocrx_word' id='word_1_435' title='bbox 723 4012 760 4048; x_wconf 85' lang='lat' dir='ltr'><strong>roo</strong></span> <span class='ocrx_word' id='word_1_436' title='bbox 777 4007 862 4053; x_wconf 69' lang='lat' dir='ltr'><strong>Anat,</strong></span> <span class='ocrx_word' id='word_1_437' title='bbox 874 4010 893 4047; x_wconf 94' lang='lat'><strong>1.</strong></span> 
     </span>
    </p>

    <p class='ocr_par' dir='ltr' id='par_1_5' title="bbox 141 4059 1260 4274">
     <span class='ocr_line' id='line_1_52' title="bbox 141 4059 893 4162; baseline -0.004 -10"><span class='ocrx_word' id='word_1_438' title='bbox 141 4081 311 4162; x_wconf 43' lang='lat' dir='ltr'><strong>*oc—aque]</strong></span> <span class='ocrx_word' id='word_1_439' title='bbox 322 4115 334 4152; x_wconf 82' lang='lat'>³</span> <span class='ocrx_word' id='word_1_440' title='bbox 345 4117 400 4152; x_wconf 86' lang='lat' dir='ltr'><strong>extr.</strong></span> <span class='ocrx_word' id='word_1_441' title='bbox 722 4062 760 4150; x_wconf 60' lang='lat' dir='ltr'><strong>igi</strong></span> <span class='ocrx_word' id='word_1_442' title='bbox 776 4059 835 4150; x_wconf 50' lang='grc' dir='ltr'><strong>Ἢ.</strong></span> <span class='ocrx_word' id='word_1_443' title='bbox 846 4059 862 4156; x_wconf 60' lang='lat' dir='ltr'><strong>i:</strong></span> <span class='ocrx_word' id='word_1_444' title='bbox 872 4061 893 4150; x_wconf 56' lang='lat' dir='ltr'><strong>i.</strong></span> 
     </span>
     <span class='ocr_line' id='line_1_53' title="bbox 165 4162 926 4210; baseline -0.007 -7"><span class='ocrx_word' id='word_1_445' title='bbox 165 4167 190 4204; x_wconf 81' lang='lat' dir='ltr'><strong>st</strong></span> <span class='ocrx_word' id='word_1_446' title='bbox 208 4167 265 4205; x_wconf 88' lang='lat' dir='ltr'><strong>lltst.</strong></span> <span class='ocrx_word' id='word_1_447' title='bbox 275 4167 293 4210; x_wconf 88' lang='lat'><strong>1,</strong></span> <span class='ocrx_word' id='word_1_448' title='bbox 305 4167 315 4204; x_wconf 94' lang='lat' dir='ltr'><strong>l</strong></span> <span class='ocrx_word' id='word_1_449' title='bbox 327 4171 382 4204; x_wconf 79' lang='lat' dir='ltr'><strong>extr.</strong></span> <span class='ocrx_word' id='word_1_450' title='bbox 723 4163 761 4201; x_wconf 81' lang='lat'><strong>103</strong></span> <span class='ocrx_word' id='word_1_451' title='bbox 779 4162 836 4200; x_wconf 85' lang='lat' dir='ltr'><strong>Anu.</strong></span> <span class='ocrx_word' id='word_1_452' title='bbox 846 4162 884 4208; x_wconf 79' lang='lat'><strong>111,</strong></span> <span class='ocrx_word' id='word_1_453' title='bbox 895 4162 926 4200; x_wconf 80' lang='lat'><strong>28.</strong></span> 
     </span>
     <span class='ocr_line' id='line_1_54' title="bbox 165 4212 1260 4274; baseline -0.01 -18"><span class='ocrx_word' id='word_1_454' title='bbox 165 4219 190 4256; x_wconf 72' lang='grc'><strong>98</strong></span> <span class='ocrx_word' id='word_1_455' title='bbox 206 4218 280 4266; x_wconf 75' lang='lat' dir='ltr'><strong>Agris.</strong></span> <span class='ocrx_word' id='word_1_456' title='bbox 291 4226 310 4255; x_wconf 88' lang='lat' dir='ltr'><strong>c.</strong></span> <span class='ocrx_word' id='word_1_457' title='bbox 321 4219 341 4255; x_wconf 84' lang='lat'><strong>3.</strong></span> <span class='ocrx_word' id='word_1_458' title='bbox 724 4214 761 4251; x_wconf 78' lang='lat' dir='ltr'><strong>lot</strong></span> <span class='ocrx_word' id='word_1_459' title='bbox 780 4213 837 4251; x_wconf 84' lang='lat' dir='ltr'><strong>Aun.</strong></span> <span class='ocrx_word' id='word_1_460' title='bbox 848 4213 864 4258; x_wconf 89' lang='lat'><strong>1,</strong></span> <span class='ocrx_word' id='word_1_461' title='bbox 875 4214 887 4251; x_wconf 86' lang='lat' dir='ltr'><strong>s</strong></span> <span class='ocrx_word' id='word_1_462' title='bbox 897 4217 951 4250; x_wconf 76' lang='lat' dir='ltr'><strong>extr.</strong></span> <span class='ocrx_word' id='word_1_463' title='bbox 963 4212 990 4248; x_wconf 67' lang='lat' dir='ltr'><strong>ct.</strong></span> <span class='ocrx_word' id='word_1_464' title='bbox 1002 4222 1020 4250; x_wconf 83' lang='lat' dir='ltr'><strong>c.</strong></span> <span class='ocrx_word' id='word_1_465' title='bbox 1031 4213 1062 4250; x_wconf 77' lang='lat' dir='ltr'><strong>tc,</strong></span> <span class='ocrx_word' id='word_1_466' title='bbox 1163 4231 1165 4235; x_wconf 93' lang='lat'>-</span> <span class='ocrx_word' id='word_1_467' title='bbox 1253 4259 1260 4274; x_wconf 39' lang='grc' dir='ltr'>ι</span> 
     </span>
    </p>
   </div>
   <div class='ocr_carea' id='block_1_5' title="bbox 0 0 1497 4960">
    <p class='ocr_par' dir='ltr' id='par_1_6' title="bbox 0 0 1497 4960">
     <span class='ocr_line' id='line_1_55' title="bbox 0 0 1497 4960; baseline 0 0"><span class='ocrx_word' id='word_1_468' title='bbox 0 0 1497 4960; x_wconf 95' lang='lat' dir='ltr'><strong> </strong></span> 
     </span>
    </p>
   </div>
  </div>
 </body>
</html>
