2960 4962
383 452 593 513 ANNALIUM
610 453 685 510 LIB.
699 455 749 511 IV.
765 455 886 511 44-47.
1085 443 1147 510 137

116 548 282 600 amum

114 639 215 703 pagos
241 636 340 699 equo,
363 612 454 678 cuius
476 611 557 677 foret
579 612 753 698 cognitum:
776 621 808 678 et
829 623 970 700 repertus
992 637 1063 680 cum
1085 623 1148 680 tor-

115 711 231 776 mentis
262 709 354 773 edere
380 706 523 772 conscios
546 707 737 792 adigeretur,
763 729 842 772 voce
862 731 980 793 magna
1005 731 1147 774 sermone

114 805 217 890 patrio
246 803 366 868 frustra
387 822 422 866 se
443 800 628 886 interrogari
649 800 832 864 clamitavit:
851 801 1046 866 'adsisterent
1071 803 1148 867 socii

115 920 151 964 ac
173 904 358 984 spectarent
363 921 373 974 ;
399 894 518 959 nullam
537 895 603 959 vim
620 904 740 959 tantm
761 894 877 960 doloris
899 895 967 960 fore
984 903 1020 959 ut
1036 896 1148 962 verita·

115 1002 178 1058 tem
196 993 338 1056 eliceret.
367 988 514 1073 idemque
531 1011 604 1052 cum
620 998 747 1073 postero
764 989 805 1053 ad
821 989 1036 1071 quaestionem
1053 998 1149 1054 retra·

114 1085 259 1164 heretur,
286 1106 325 1148 eo
348 1083 420 1148 nisu
443 1083 597 1168 proripuit
623 1104 657 1147 se
684 1081 866 1149 custodibus
894 1104 1033 1165 saxoque
1054 1093 1149 1167 caput

116 1179 241 1244 adflixit
262 1189 299 1243 ut
320 1177 426 1242 statim
448 1177 686 1242 exanimaretur.
714 1176 771 1241 sed
787 1175 865 1241 Piso
882 1176 1150 1242 Termestinorum

116 1273 187 1338 dolo
211 1295 327 1338 caesus
349 1270 496 1349 habetem,
519 1271 595 1354 quia
615 1271 764 1356 pecunias
783 1265 800 1334 e
817 1270 944 1355 publico
961 1271 1148 1355 interceptas

117 1368 221 1432 acrius
241 1389 337 1451 quam
354 1375 390 1431 ut
407 1367 574 1431 tolerarent
590 1363 716 1429 barbari
732 1364 874 1451 cogebat.
936 1377 939 1382 '

180 1461 334 1526 Lnrrnno
357 1458 551 1537 Gssrmrco,
579 1457 618 1524 C.
643 1456 789 1524 Csavrsro
816 1457 997 1524 consulibus
1024 1457 1149 1523 decreta
1166 1479 1198 1526 46

118 1554 271 1640 triumphi
281 1554 418 1641 insignia
430 1553 580 1640 Poppaeo
596 1551 715 1618 Sabino
728 1553 867 1618 contusis
881 1553 1059 1626 Thraecum
1071 1574 1149 1638 gen·

119 1647 219 1727 tibus,
238 1649 293 1733 qui
310 1648 573 1713 montiumeditis
591 1646 710 1712 incultu
728 1655 821 1732 atque
839 1669 877 1713 eo
895 1648 1030 1714 ferocius
1048 1647 1148 1732 agita-

119 1740 203 1808 bant.
232 1766 332 1809 eausa
347 1752 466 1820 motus,
489 1764 584 1828 super
600 1740 762 1806 hominum
783 1741 959 1828 ingenium,
980 1741 1066 1825 quod
1082 1742 1148 1826 pati

119 1835 252 1902 dilectus
278 1846 311 1902 et
335 1836 564 1902 validissimum
586 1857 742 1919 quemque
767 1835 896 1900 militiae
921 1845 1047 1900 nostrae
1073 1835 1147 1898 dare

121 1931 382 2014 aspernabantur,
405 1953 445 1995 ne
461 1929 590 2017 regibus
608 1929 736 2012 quidem
757 1951 866 2014 parere
884 1929 945 1994 nisi
962 1951 1003 1993 ex
1018 1927 1147 1992 libidine

121 2025 216 2103 soliti,
244 2035 300 2090 aut
321 2026 350 2090 si
370 2025 528 2090 mitterent
549 2025 680 2101 auxilia,
695 2046 782 2090 suos
809 2024 954 2087 ductores
980 2021 1148 2106 praeficere

122 2139 177 2183 nec
193 2120 257 2184 nisi
278 2120 447 2184 adversum
469 2118 591 2184 accolas
613 2118 813 2204 belligerare:
836 2139 874 2181 ae
891 2126 958 2180 tum
979 2137 1086 2179 rumor
1101 2115 1149 2178 in-

122 2222 258 2278 cesserat
279 2213 348 2278 fore
368 2223 405 2276 ut
426 2212 548 2278 disiecti
573 2212 705 2295 aliisque
731 2209 910 2275 nationibus
934 2208 1081 2295 permixti
1102 2208 1149 2274 di-

123 2327 226 2371 versas
248 2306 284 2370 in
305 2315 403 2372 terras
425 2306 628 2371 traherentur.
657 2304 715 2370 sed
736 2315 903 2388 antequam
925 2325 1012 2368 arma
1033 2301 1149 2387 incipe-

123 2409 196 2478 rent,
212 2400 327 2464 misere
338 2399 461 2486 legatos
471 2399 639 2466 amicitiam
652 2398 900 2482 obsequiumque
912 2405 1147 2475 memoraturos,

125 2501 153 2554 et
172 2516 323 2558 mansura
343 2493 436 2571 haec,
464 2493 492 2557 si
512 2493 598 2558 nullo
614 2514 699 2558 novo
721 2514 814 2558 onere
836 2501 1072 2578 temptarentur:
1099 2490 1149 2555 sin

123 2594 156 2648 ut
171 2587 263 2652 vietis
283 2587 444 2651 servitium
460 2587 661 2670 indiceretur,
674 2608 753 2660 ‚esse
776 2586 836 2650 sibi
853 2586 970 2650 ferrum
992 2595 1023 2650 et
1039 2585 1149 2652 iuven·

123 2687 219 2744 tutem
241 2689 273 2744 et
294 2690 473 2765 pmmptum
494 2680 630 2746 libertati
647 2689 702 2744 aut
719 2680 760 2744 ad
780 2689 912 2745 mortem
930 2679 1078 2745 animum.
1107 2678 1149 2742 si·

124 2774 185 2838 mul
207 2774 338 2838 castella
361 2774 493 2859 rupibus
514 2773 615 2838 indita
636 2773 838 2856 conlatosque
858 2773 933 2838 illuc
954 2780 1098 2858 parentes
1117 2779 1149 2835 et

125 2869 272 2954 coniuges
282 2865 481 2933 ostenlabant
489 2868 669 2952 bellumque
679 2867 873 2954 impeditum,
883 2869 1025 2943 arduum,
1040 2887 1149 2930 cruen-

126 2970 187 3027 tum
204 2963 440 3030 minitabantur.
1083 3007 1087 3018 .

183 3056 232 3121 At
250 3055 404 3136 Sabinus,
422 3059 522 3124 donec
540 3059 695 3124 exercitus
713 3058 746 3120 in
763 3080 861 3122 unum
879 3053 1075 3128 conduceret,
1094 3052 1149 3116 da-
1167 3073 1198 3119 47

126 3149 161 3216 tis
177 3150 309 3216 mitibus
326 3153 495 3238 responsis,
509 3166 678 3238 postquam
691 3150 887 3234 Pomponius
899 3147 1012 3213 Labeo
1030 3145 1152 3210 eMoe-

126 3245 169 3310 sia
181 3268 255 3311 cum
269 3246 403 3332 legione,
417 3270 473 3312 rcx
481 3247 721 3312 Rhoemetalces
736 3267 808 3309 cum
821 3243 945 3307 auxiliis
953 3239 1151 3327 popularium

126 3342 175 3423 qui
191 3341 289 3405 fidem
308 3364 371 3406 non
391 3352 589 3406 mutaverant
609 3363 738 3418 venere,
761 3339 867 3404 addita
886 3334 1044 3424 praesenti
1061 3333 1153 3419 copia

126 3436 162 3500 ad
178 3436 304 3500 hostem
321 3436 425 3521 pergit
442 3436 649 3520 compositum
667 3435 730 3500 iam
750 3455 808 3519 per
824 3432 985 3520 angustias
1004 3429 1150 3496 saltuum.
1248 3515 1254 3520 .

126 3530 252 3610 quidam
269 3529 433 3594 audentius
447 3530 563 3615 apertis
581 3529 614 3592 in
632 3529 763 3594 collibus
776 3528 970 3606 visebantur3
989 3548 1068 3611 quos
1086 3525 1151 3588 dux

125 3621 287 3688 Romanus
310 3623 377 3687 acie
399 3646 588 3710 suggressus
615 3623 701 3687 haud
722 3645 816 3708 aegre
837 3622 970 3708 pepulit,
998 3617 1151 3703 sanguine

126 3714 327 3782 barbarorum
344 3718 467 3782 modico
486 3717 527 3783 ob
538 3717 714 3803 propinqua
731 3717 877 3803 suffugia.
899 3737 975 3780 mox
992 3711 1102 3777 castris
1119 3710 1153 3770 in

125 3811 191 3878 loco
209 3813 412 3877 communitis
429 3813 534 3877 valida
555 3835 652 3877 manu
672 3821 811 3876 montem
829 3817 962 3892 occupat
982 3811 1152 3888 angustum

126 3917 153 3972 et
170 3907 297 3991 aequali
309 3908 404 3972 dorso
422 3907 604 3972 continuum
617 3905 773 3989 usquead
789 3903 966 3988 proximum
978 3894 1151 3971 castellum,

125 4003 208 4084 quod
226 4025 345 4087 magna
366 4001 415 4066 vis
438 4010 570 4079 armata,
594 4010 627 4065 at
648 3998 808 4063 incondita
828 3993 986 4069 tuebatur3
1010 3987 1103 4055 simul
1120 3988 1153 4051 in

126 4096 354 4174 ferocissimos,
377 4097 432 4180 qui
454 4106 526 4162 ante
548 4095 666 4160 vallum
687 4112 774 4156 more
795 4088 897 4175 gentis
920 4108 992 4151 cum
1010 4082 1153 4149 carmini-

125 4189 182 4256 bus
196 4201 229 4258 et
241 4191 389 4277 tripudiis
401 4190 625 4278 persultabant,
644 4185 738 4252 mittit
751 4185 887 4250 delectos
906 4179 1151 4268 sagittariorum
