2960 4962
318 445 381 512 160
663 452 847 512 CORNELII
861 449 993 508 TAOlTl
1056 471 1060 478 ⁸

1232 553 1254 584 a.
1267 554 1294 584 u.
1307 545 1359 584 ¹185.

317 615 452 691 socium,
476 621 529 678 tua
547 611 651 677 officia
668 611 701 676 in
718 633 751 676 re
769 609 895 696 publiea
916 617 1130 694 capessentem
1148 609 1357 676 colebamus.

317 733 381 776 non
398 716 447 773 est
464 715 606 772 nostrum
623 705 788 770 aestimare
805 724 899 787 quem
921 723 1018 788 supra
1039 712 1158 768 ceteros
1177 712 1209 768 et
1225 703 1359 788 quibus

318 801 483 868 decausis
506 798 651 866 extollas:
678 797 734 863 tibi
757 819 914 862 summum
935 817 1039 860 rerum
1061 796 1210 861 iudicium
1233 798 1270 862 di
1296 798 1360 862 de-

318 898 406 972 dere,
428 893 520 960 nobis
542 891 685 975 obsequii
706 891 805 977 gloria
825 889 934 954 relicta
955 897 1013 954 est.
1044 899 1222 974 spectamus
1249 913 1358 976 porro

319 1011 400 1074 quae
418 1009 523 1052 coram
540 984 707 1060 habentur,
726 984 777 1048 cui
794 992 883 1048 exte
901 1002 991 1067 opes,
1010 980 1159 1060 honores,
1181 984 1256 1066 quis
1275 983 1359 1069 plu-

318 1084 398 1150 rima
414 1080 542 1150 iuvandi
558 1079 729 1145 nocendive
746 1077 898 1163 potentia;
916 1097 997 1160 quae
1006 1073 1123 1142 Seiano
1136 1076 1235 1142 tuisse
1249 1099 1357 1142 nemo

320 1176 493 1264 negaverit:
520 1172 642 1240 abditos
664 1170 811 1258 principis
834 1192 960 1247 sensus,
987 1179 1019 1234 et
1043 1171 1070 1235 si
1091 1171 1167 1254 quid
1188 1172 1355 1236 occultius

319 1279 418 1359 parat,
437 1267 598 1352 exquirere
611 1266 772 1342 inlicitum,
786 1285 915 1350 anceps3
933 1285 993 1328 nec
1005 1264 1076 1329 ideo
1090 1265 1275 1348 adaequare.
1295 1287 1354 1342 ne,

320 1375 424 1452 patres
442 1361 622 1448 conscripti,
645 1360 790 1424 ultimum
809 1357 916 1424 Seiani
933 1358 1028 1436 diem,
1055 1359 1112 1424 sed
1133 1360 1273 1424 sedecim
1292 1381 1355 1425 an·

320 1483 379 1526 nos
397 1456 621 1544 cogitaveritis:
639 1454 733 1519 etiam
753 1451 891 1520 Satrium
909 1463 1003 1537 atque
1020 1453 1231 1540 Pomponium
1247 1478 1353 1522 vene-

319 1551 479 1628 rabamur3
496 1548 615 1614 libertis
633 1569 758 1632 quoque
776 1569 813 1612 ac
829 1546 1012 1613 ianitoribus
1031 1548 1098 1613 eius
1111 1557 1275 1614 notescere
1288 1573 1352 1636 pro

319 1643 486 1730 magnifico
504 1639 723 1727 accipiebatur.
742 1639 819 1724 quid
836 1642 930 1728 ergo?
947 1641 1127 1707 indistincta
1142 1641 1222 1707 haee
1234 1643 1352 1728 defen-

321 1739 368 1803 sio
386 1746 418 1802 et
433 1736 590 1822 promisca
611 1733 754 1800 dabitur?
779 1735 876 1802 immo
897 1736 988 1802 iustis
1010 1736 1149 1802 terminis
1172 1737 1349 1802 dividatur:

319 1829 450 1897 insidiae
467 1830 502 1895 in
517 1851 584 1896 rem
601 1828 771 1914 publicam,
791 1829 921 1896 consilia
937 1830 1042 1896 caedis
1060 1831 1227 1896 adversum
1244 1831 1350 1917 irnpe-

320 1933 454 1994 raterem
471 1923 651 2010 puniantur:
673 1922 713 1989 de
731 1922 867 1989 amicitia
882 1931 916 1988 et
932 1922 1044 1989 officiis
1062 1924 1145 1989 idem
1162 1923 1235 1989 finis
1253 1933 1287 1989 et
1304 1934 1347 2003 te,

323 2019 456 2097 Caesar,
475 2028 506 2084 et
523 2040 581 2084 nos
599 2015 797 2084 absolverit.“
1255 2071 1267 2092 ‚

273 2131 304 2179 15
388 2112 574 2180 Constantia
590 2111 751 2188 orationis,
769 2120 801 2176 et
817 2111 891 2196 quia
907 2121 1047 2198 repertus
1066 2121 1132 2177 erat
1149 2111 1203 2196 qui
1221 2111 1348 2177 efferret

273 2195 303 2246 ‘⁹’
323 2230 403 2292 quae
421 2229 530 2273 omnes
548 2205 652 2270 animo
671 2204 844 2291 agitabant,
871 2226 909 2270 eo
931 2227 1031 2288 usque
1053 2216 1182 2291 potuere
1199 2215 1235 2270 ut
1253 2227 1347 2271 accu-

323 2310 442 2367 satores
469 2301 551 2377 eius,
583 2298 696 2364 additis
723 2319 804 2381 quae
829 2307 901 2363 ante
927 2299 1135 2383 deliquerant,
1171 2299 1265 2365 exilio
1293 2310 1347 2364 aut

321 2403 421 2460 morte
438 2393 650 2459 multarentur.

388 2484 522 2552 Secutae
540 2485 652 2550 dehinc
666 2484 785 2552 Tiberii
802 2486 920 2552 litterae
938 2487 972 2552 in
990 2484 1065 2553 Sex.
1076 2486 1238 2554 Vistilium
1255 2509 1347 2573 prae·

323 2579 450 2656 terium,
476 2599 571 2662 quem
593 2577 701 2644 Druso
723 2578 812 2644 fratri
833 2599 997 2664 percarum
1018 2581 1052 2645 in
1073 2580 1233 2646 cohortem
1255 2603 1347 2646 suam

323 2670 535 2738 transtulerat:
554 2693 651 2738 causa
668 2670 850 2738 offensionis
868 2672 995 2739 Vistilio
1013 2674 1086 2752 fuit,
1105 2697 1163 2740 seu
1178 2696 1348 2761 composu-

323 2774 389 2830 erat
410 2765 564 2850 quaedam
584 2765 619 2829 in
641 2763 679 2830 O.
699 2763 869 2832 Caesarem
890 2776 926 2831 ut
946 2767 1152 2853 impudicum,
1180 2768 1248 2833 sive
1273 2768 1348 2833 ficto

322 2859 431 2924 habita
446 2859 535 2925 fides.
554 2869 647 2944 atque
665 2859 706 2925 ob
720 2859 753 2924 id
766 2859 911 2926 convictu
923 2861 1072 2948 principis
1085 2860 1261 2947 prohibitus
1274 2883 1348 2926 cum

324 2953 414 3020 senili
431 2977 527 3020 manu
543 2953 661 3020 ferrum
677 2955 885 3032 temtavisset,
908 2954 1028 3041 obligat
1049 2978 1145 3021 venas
1151 2979 1160 3034 3
1185 2966 1349 3040 precatus-

325 3071 387 3133 que
404 3070 461 3134 per
478 3048 649 3126 codicillos,
668 3048 780 3114 immiti
796 3048 961 3134 rescripto,
980 3071 1076 3114 venas
1094 3047 1231 3116 resolvit.

389 3143 571 3213 Acervatim
585 3166 624 3209 ex
638 3142 808 3209 eoAnniua
821 3141 933 3219 Pollio,
952 3142 1077 3228 Appius
1089 3141 1216 3209 Silanus
1227 3139 1349 3208 Scauro

324 3236 487 3302 Mamerco
506 3237 599 3302 simul
612 3259 649 3302 ac
664 3235 782 3303 Sabino
793 3235 932 3302 Calvisio
949 3238 1121 3314 maiestatis
1138 3235 1347 3322 postulantur,

325 3340 357 3395 et
364 3329 548 3398 Vinicianus
560 3330 697 3397 Pollioni
714 3331 795 3416 patri
812 3331 1013 3409 adiciebatur,
1032 3331 1108 3396 clari
1120 3353 1220 3418 genus
1234 3339 1267 3396 et
1279 3331 1350 3415 qui-

324 3422 398 3485 dam
416 3423 547 3487 summis
565 3421 750 3501 honoribus3
767 3433 1078 3509 contremuerantque
1094 3434 1200 3511 patres
1218 3462 1261 3474 —
1274 3447 1350 3489 nam

325 3522 440 3597 quotus
457 3513 590 3598 quisque
607 3516 775 3581 adfinitatis
794 3528 848 3582 aut
870 3519 1023 3585 amicitiae
1041 3527 1087 3584 tot
1108 3518 1286 3585 inlustrium
1303 3517 1350 3582 vi-

324 3629 430 3674 rorum
444 3629 555 3693 expers
569 3609 702 3674 eratl—
711 3610 745 3674 ni
751 3609 878 3691 Celsus,
893 3612 1031 3679 urbanae
1045 3613 1181 3678 cohortis
1194 3611 1347 3688 tribunus,

326 3712 394 3770 tum
415 3702 496 3771 inter
517 3701 651 3782 indices,
678 3701 820 3789 Appium
843 3715 874 3772 et
896 3704 1072 3771 Calvisium
1097 3703 1270 3772 discrimini
1295 3726 1350 3770 ex-

326 3796 463 3865 emisset.
488 3795 607 3864 Caesar
623 3797 774 3864 Pollionis
793 3821 831 3865 ae
842 3798 999 3866 Viniciani
1018 3797 1192 3884 Scaurique
1209 3819 1349 3874 oausam,

325 3901 361 3958 ut
377 3891 447 3978 ipse
463 3915 536 3958 cum
554 3901 665 3962 senatu
681 3899 837 3971 nosceret,
856 3893 989 3971 distulit,
1008 3891 1090 3958 datis
1109 3891 1300 3977 quibusdam
1317 3890 1351 3955 in

329 3983 484 4052 Scaurum
501 3985 642 4054 tristibus
659 3987 751 4054 notia.

279 4093 309 4142 ro
391 4079 439 4145 Ne
456 4080 591 4146 feminae
608 4081 735 4166 quidem
748 4090 888 4150 exsortes
901 4080 1043 4167 periculi:
1062 4083 1138 4164 quta
1150 4077 1352 4164 occupandae

272 4156 315 4207 ‘¹⁰'
327 4171 373 4234 rei
390 4172 534 4256 publicae
552 4175 642 4260 argui
654 4197 718 4241 uon
730 4183 881 4261 poterant,
900 4174 940 4242 ob
953 4169 1097 4242 lacrtmta
1110 4172 1350 4250 incusabantur3
