2960 4962
323 441 530 502 suusnruu
545 441 620 496 nna.
632 441 682 498 vr.
701 441 785 496 1-5.
799 442 970 516 (uc-10.)
1099 431 1161 498 155

123 551 146 588 ρ.
157 537 201 578 ca
212 538 250 576 ar.

122 605 236 692 gladio
258 625 355 686 quem
377 601 449 667 sinu
466 599 628 665 abdiderat
648 598 799 664 incubuit.
825 621 929 683 neque
947 599 1066 667 Caesar
1087 603 1159 669 ullis

123 697 315 764 criminibus
339 705 394 762 aut
409 694 532 780 probris
554 693 738 758 defunctum
758 693 929 760 insectatus
952 703 1014 773 est,
1038 717 1109 761 cum
1127 699 1161 762 in

123 793 283 856 Blaesum
301 789 401 854 multa
417 788 573 871 foedaque
590 787 807 852 incusavisset.

189 884 346 951 Relatum
371 883 444 947 inde
470 882 510 950 de
531 880 570 944 P.
593 880 722 946 Vitellio
747 890 779 944 et
799 880 976 966 Pomponio
999 880 1159 949 Secundo:
1188 895 1203 941 ³

123 980 218 1046 illum
236 978 358 1042 indices
371 975 545 1062 arguebant
558 974 694 1038 claustra
706 975 817 1038 aerarii
830 975 881 1040 oni
898 975 1077 1060 praefectus
1095 961 1223 1042 eratlv‘⁸

125 1083 157 1138 et
174 1072 349 1136 militarem
365 1069 531 1155 pecuniam
548 1067 642 1133 rebus
660 1068 751 1133 novis
769 1069 935 1147 obtulisse3
953 1069 1026 1134 huic
1044 1094 1064 1135 a
1078 1069 1163 1136 Con-

125 1168 225 1241 sidio,
246 1174 397 1252 praetura
417 1163 539 1240 functo,
563 1161 779 1228 obiectabatur
800 1161 885 1228 Aelii
909 1161 994 1229 Galli
1016 1164 1161 1243 anicitia,

124 1261 181 1345 qni
203 1260 319 1346 punito
343 1257 459 1324 Seiano
484 1258 518 1322 in
539 1257 647 1322 hortos
668 1256 837 1342 Pomponii
862 1259 955 1341 quasi
974 1257 1161 1324 fidissimum

125 1356 168 1420 ad
177 1354 358 1420 subsidium
368 1352 573 1439 perfugisset3
586 1373 688 1435 neque
701 1351 786 1416 aliud
798 1352 1045 1437 periclitantibus
1055 1353 1162 1418 auxilii

125 1473 224 1534 quam
241 1449 278 1514 in
294 1448 428 1512 fratrum
441 1447 615 1512 constantia
627 1445 697 1523 fuit,
719 1447 774 1529 qui
791 1447 889 1512 vades
907 1440 1064 1513 exstitere.
1087 1469 1161 1512 mox

127 1545 248 1610 crebris
272 1541 499 1629 prolationibus
523 1563 667 1627 spamae
688 1551 806 1606 metum
827 1542 916 1606 iuxta
936 1551 1086 1630 gravatus
1104 1542 1161 1607 Vi-

126 1639 232 1703 tellius
250 1637 352 1723 petito
374 1659 431 1723 per
448 1635 584 1722 speciem
607 1636 780 1718 studiorum
802 1635 923 1722 scalpro
944 1637 1046 1702 levem
1063 1637 1159 1702 ictum

125 1733 215 1797 venis
234 1731 342 1796 intulit
364 1732 522 1814 vitamque
544 1730 738 1817 aegritudine
761 1731 857 1796 animi
878 1732 993 1797 finivit:
1015 1741 1048 1796 at
1064 1731 1182 1797 Pom·¹

125 1827 257 1912 ponius‚
280 1825 383 1890 multa
403 1847 526 1889 morum
547 1825 703 1910 elegantia
724 1834 756 1890 et
772 1825 898 1912 ingenio
920 1826 1056 1902 inlustri,
1083 1826 1160 1890 dum

127 1921 296 1986 adversam
314 1919 609 2002 fortunamaeqnus
627 1919 747 1996 tolerat,
766 1919 894 1984 Tiberio
912 1926 1071 2004 superstes
1089 1918 1158 1983 suit.

189 2012 352 2078 Placitum
372 2013 505 2098 posthac
521 2013 606 2076 utin
627 2013 765 2096 reliquos
786 2011 892 2077 Seiani
913 2011 1029 2076 liberos
1051 2011 1161 2076 adver·
1187 2016 1203 2062 4

127 2119 258 2184 teretur,
276 2116 466 2171 vanescente
483 2127 675 2190 quamquam
692 2103 794 2190 plebis
812 2105 859 2170 ira
876 2127 913 2169 ao
930 2103 1088 2190 plerisque
1104 2082 1228 2188 perll'⁹'

125 2202 234 2287 priora
250 2201 407 2286 supplicia
423 2200 540 2278 lenitis;
557 2201 654 2286 igitur
670 2207 837 2285 portantur
853 2199 887 2263 in
904 2219 1060 2263 carcerem
1077 2197 1160 2262 filius

125 2295 359 2360 imminentium
376 2293 573 2380 intellegens,
584 2293 697 2378 puella
714 2293 794 2358 adeo
811 2292 918 2358 nescia
935 2301 971 2357 ut
988 2291 1097 2357 crebro
1114 2291 1177 2364 in-,

128 2398 303 2476 terrogaret
314 2389 400 2472 quod
409 2387 449 2453 ob
463 2389 613 2454 delictum
622 2396 653 2452 et
666 2410 729 2472 quo
744 2387 930 2466 traheretur3
944 2408 1046 2471 neque
1060 2386 1161 2451 sactu-

127 2485 297 2560 ramultra,
311 2491 344 2547 et
352 2504 446 2568 posse
456 2503 489 2548 se
498 2482 611 2568 puerili
619 2482 748 2548 verbere
757 2480 885 2548 moneri.
905 2482 1161 2567 traclunttempo-

128 2579 169 2643 ris
179 2578 249 2644 eius
264 2586 418 2654 auctores,
435 2576 511 2660 quia
527 2576 712 2641 triumvirali
725 2577 878 2662 supplicio
896 2576 990 2641 adfici
1006 2575 1159 2662 virginem

128 2672 305 2736 inauditum
313 2669 495 2748 habebatur,
506 2670 679 2736 acarnifioe
689 2671 836 2754 laqueum
845 2671 933 2736 iuxta
941 2692 1159 2757 conpressam

130 2766 213 2830 exim
222 2764 334 2830 oblisis
343 2763 488 2830 saucibus
497 2764 530 2828 id
539 2765 650 2830 aetatis
664 2787 794 2850 corpora
802 2766 835 2829 in
845 2763 1018 2830 Gemonias
1028 2763 1158 2829 abiecta.

192 2859 260 2924 Per
280 2857 365 2922 idem
387 2867 511 2944 tempus
532 2856 614 2922 Asia
635 2867 729 2942 atque
750 2857 874 2923 Achaia
900 2858 1064 2922 exterritae
1087 2854 1229 2964 suntw5w)

130 2955 193 3018 acri
214 2953 319 3038 magis
341 2974 436 3035 quam
462 2952 609 3017 diutia-no
630 2973 769 3030 rumore,
795 2950 953 3026 Drusum,
973 2947 1162 3014 Germanici
1188 2946 1193 2964 ¹

129 3047 243 3123 lilium,
267 3046 353 3130 apud
373 3043 529 3130 Cycladas
551 3044 686 3123 insulas,
709 3066 784 3110 mox
801 3045 834 3107 in
855 3042 1027 3108 continenti
1043 3041 1161 3104 visum:

131 3149 162 3206 et
183 3150 252 3205 erat
273 3139 396 3204 iuvenis
419 3139 504 3204 haud
526 3139 643 3224 dispari
666 3146 781 3214 aetate,
808 3134 998 3220 quibusdam
1016 3132 1162 3198 Caesaris

129 3235 250 3301 libertis
273 3234 361 3299 velut
382 3233 508 3322 agnitus
522 3259 579 3322 per
591 3235 712 3310 dolum3
730 3234 799 3318 quia¹
811 3229 1032 3300 comitantibus
1049 3227 1163 3294 allicie-

130 3330 246 3395 bantur
262 3329 365 3416 ignari
382 3329 469 3394 sama
489 3328 637 3407 nominis3
662 3336 694 3392 et
710 3325 863 3413 promptis
883 3322 1075 3390 Graecorum
1097 3322 1163 3386 ani-

131 3425 191 3489 mis
209 3424 253 3488 ad
268 3446 354 3488 nova
370 3432 401 3487 et
418 3423 497 3487 mira
509 3461 551 3470 -
564 3421 680 3508 quippe
698 3421 841 3507 elapsum
854 3419 1015 3485 custodiae
1031 3439 1162 3505 pergere

131 3518 171 3581 ad
192 3527 343 3604 paternos
366 3516 520 3582 exercitus
542 3515 726 3602 Aegyptum
752 3525 806 3580 aut
829 3512 955 3602 Syriam
980 3514 1162 3578 invasurum

132 3611 295 3698 fingebant
313 3611 407 3676 simul
424 3610 710 3694 credebantque-
727 3611 790 3675 iam
808 3609 980 3676 iuventutis
998 3628 1162 3682 concursu,

131 3706 193 3770 iam
209 3705 347 3791 publicis
366 3706 478 3773 studiis
496 3705 763 3789 frequentabatur,
782 3705 883 3768 laetus
896 3698 1114 3786 praesentibus
1132 3707 1164 3760 et

131 3800 272 3864 inanium
291 3821 361 3884 spe,
384 3821 458 3864 oum
475 3799 617 3864 auditum
634 3799 667 3863 id
684 3797 834 3884 Poppaeo
854 3795 987 3870 Sabin03
1008 3793 1037 3856 is
1054 3790 1164 3853 Mace-

132 3894 243 3958 doniae
261 3902 330 3957 tum
348 3893 486 3958 intentus
503 3891 659 3957 Achaiam
681 3913 806 3974 quoque
824 3887 961 3954 curabat.
988 3884 1164 3970 igiturque

131 4009 204 4053 vera
222 4009 282 4052 seu
300 3985 381 4052 falsa
398 3987 524 4064 antiret,
547 3986 749 4051 Toronaeum
765 3983 1038 4060 Thermaeumque
1061 3975 1164 4040 sinum

131 4081 377 4166 praefestinans,
399 4104 475 4150 mox
496 4081 676 4155 Euboeam,
698 4075 823 4162 Aegaei
844 4073 939 4138 maris
961 4071 1109 4148 insulam,
1133 4079 1164 4134 et

132 4175 281 4242 Piraeum
299 4174 426 4242 Atticae
448 4198 534 4253 orae,
558 4174 631 4240 dein
649 4169 868 4238 Corinthiense
890 4167 964 4232 litus
987 4166 1163 4254 angustias-
