3020 4958
328 451 393 516 260
679 459 862 517 CORNELII
877 459 1011 516 TAClTI

1248 563 1269 592 ι.
1297 582 1303 593 .
1314 557 1325 593 S
1356 583 1361 594 .

329 621 458 706 templa,
477 631 510 684 et
526 629 637 704 coepto
654 618 798 703 exemplo
815 619 959 703 proxima
977 617 1170 705 Campaniae
1189 557 1363 707 munidiplla

328 717 463 782 victimis
481 725 513 780 et
533 713 743 802 legationibus
764 713 914 778 laetitiam
937 715 1054 778 testari.
1080 715 1150 800 ipse
1173 716 1302 781 diversa
1320 717 1363 782 si-

328 811 497 876 mulatione
515 819 654 874 maestus
672 818 703 872 et
720 809 811 891 quasi
832 808 1038 872 incolumitati
1061 831 1138 873 suae
1159 809 1305 874 infensus
1325 833 1362 874 ac

330 908 423 970 morti
439 903 577 990 parentis
599 902 802 968 illacrimans:
824 903 899 986 quia
916 912 1022 968 tamen
1039 925 1116 978 non,
1139 913 1174 966 ut
1196 903 1361 968 hominurn

330 1000 446 1074 vultus,
462 998 507 1062 ita
523 997 663 1064 locorum
680 996 778 1061 facies
796 1005 968 1074 mutantur,
986 995 1275 1080 obversabaturque
1293 1021 1362 1064 ma-

329 1095 372 1159 ris
390 1093 473 1158 illius
495 1102 526 1157 et
546 1091 671 1156 litorum
693 1090 799 1177 gravis
821 1099 1027 1175 aspectus-
1050 1100 1082 1155 et
1103 1101 1194 1155 erant
1216 1092 1270 1174 qui
1293 1114 1362 1156 cre-

330 1189 440 1254 derent
461 1186 599 1252 sonitum
620 1185 715 1250 tubae
739 1183 870 1249 collibus
894 1185 1011 1249 circum
1033 1185 1125 1250 editis
1151 1185 1361 1270 planctusque

330 1281 450 1346 tumulo
467 1280 574 1344 matris
593 1279 693 1344 audiri
706 1317 748 1328 -
764 1278 928 1364 Neapolim
946 1280 1102 1344 concessit
1118 1279 1303 1364 litterasque
1321 1279 1362 1344 ad

282 1398 309 1442 rr
331 1387 473 1441 senatum
491 1373 589 1450 misit,
612 1395 744 1457 quarum
763 1395 886 1437 summa
903 1384 983 1436 erat:
1005 1383 1162 1457 repertum
1184 1395 1259 1437 curn
1276 1373 1361 1437 ferro

329 1467 546 1554 percussorem
563 1465 753 1552 Agerinum,
773 1490 814 1530 ex
830 1465 947 1530 intimis
964 1465 1161 1553 Agrippinae
1178 1466 1311 1546 libertis,
1330 1477 1362 1532 et

329 1563 425 1626 luisse
442 1583 512 1624 eam
530 1581 664 1645 poenam
677 1561 868 1625 conscientia
885 1583 947 1644 qua
965 1561 1067 1626 scelus
1084 1562 1269 1647 paravisset.
1294 1564 1362 1628 adi-

329 1654 431 1720 ciebat
453 1654 583 1718 erimina
603 1654 728 1740 longius
752 1655 897 1739 repetita,
920 1656 1005 1739 quod
1027 1656 1218 1721 consortium
1235 1657 1361 1741 imperii

328 1751 545 1832 iuraturasque
567 1749 600 1812 in
622 1749 757 1814 feminae
779 1749 876 1814 verba
900 1750 1072 1835 praetorias
1094 1750 1238 1817 cohortes
1260 1751 1363 1816 idem-

329 1867 389 1928 que
412 1844 548 1909 dedecus
571 1854 698 1908 senatns
720 1853 752 1909 et
773 1845 882 1930 populi
904 1846 1093 1930 speravisset
1116 1867 1166 1924 ac,
1189 1855 1360 1933 postquam

329 1939 445 2004 frustra
462 1949 568 2026 optata
585 1940 655 2017 siat,
673 1938 798 2004 infensa
815 1940 905 2004 militi
922 1939 1125 2024 patribusque
1143 1951 1175 2004 et
1191 1940 1276 2026 plebi
1295 1941 1362 2007 dis-

330 2034 482 2100 suasisset
503 2035 686 2099 donativnm
704 2043 736 2099 et
753 2035 947 2120 congiarium
969 2034 1168 2120 periculaque
1191 2036 1266 2100 viris
1288 2036 1362 2100 illu-

331 2129 447 2195 stribus
470 2130 643 2196 struxisset.
675 2138 793 2213 quanto
816 2152 873 2194 suo
894 2128 1001 2194 labore
1022 2137 1233 2215 perpetratum
1255 2152 1296 2194 ne
1319 2132 1363 2195 ir-

330 2233 487 2309 rumperet
501 2225 628 2300 curiam,
642 2245 682 2288 ne
695 2224 841 2310 gentibus
856 2223 991 2288 externis
1004 2245 1156 2308 responsa
1164 2223 1265 2288 daret!
1280 2234 1363 2289 tem-

330 2340 441 2402 porum
463 2339 595 2401 quoque
609 2317 853 2383 Claudianorum
875 2315 1001 2402 obliqua
1022 2317 1225 2381 insectatione
1243 2327 1362 2382 cuncta

330 2411 397 2476 eius
411 2409 630 2476 dominationis
644 2410 763 2497 flagitia
779 2411 812 2476 in
825 2419 955 2475 matrem
970 2410 1136 2488 transtulit,
1155 2409 1281 2496 publica
1295 2411 1362 2476 for-

330 2513 405 2567 tuna
423 2504 593 2569 extinctam
610 2504 763 2570 referens:
783 2527 917 2588 namque
936 2515 967 2569 et
984 2504 1183 2591 naufragium
1201 2505 1361 2582 narrabat,

330 2597 415 2679 quod
434 2596 595 2661 fortuitum
614 2598 711 2662 fuisse
729 2599 800 2681 quis
819 2599 897 2663 adeo
916 2597 1012 2664 hebes
1031 2599 1221 2663 inveniretur
1237 2608 1273 2663 ut
1291 2621 1362 2664 crc-
1460 2591 1466 2600 ¹

331 2689 436 2754 deret?
460 2699 515 2753 aut
537 2713 556 2754 a
577 2689 706 2754 muliere
728 2691 883 2779 naufraga
907 2694 1039 2758 missurn
1066 2715 1138 2756 curn
1160 2693 1222 2757 telo
1248 2715 1360 2769 unum,

331 2782 385 2866 qui
403 2782 544 2848 cohortes
564 2794 594 2848 et
611 2784 728 2850 classes
746 2785 942 2871 imperatoris
959 2787 1185 2873 perfringeret?
1202 2809 1276 2872 ergo
1294 2809 1360 2852 non

330 2877 394 2942 iam
410 2877 509 2955 Nero,
533 2878 621 2944 cuius
639 2878 807 2945 inmanitas
825 2881 964 2945 omnium
982 2890 1112 2964 questus
1131 2881 1282 2957 anteibat,
1302 2881 1361 2945 sed

332 2969 454 3038 Seneca
471 2973 603 3040 adverso
621 2996 745 3039 rumore
763 2983 837 3052 erat,
855 2975 941 3058 quod
959 2974 1097 3039 oratione
1115 2975 1169 3039 tali
1187 2974 1362 3040 confessio-

282 3085 312 3132 12
331 3089 403 3132 nem
431 3067 615 3156 scripsisset.
649 3069 726 3134 miro
749 3079 854 3134 tamen
876 3069 1044 3133 conamine
1065 3090 1229 3154 procerum
1251 3069 1362 3134 decer-

331 3172 447 3226 nuntur
464 3163 705 3248 supplicationes
720 3163 804 3250 apud
822 3163 927 3227 omnia
943 3162 1127 3248 pulvinaria,
1146 3172 1242 3245 utque
1257 3161 1362 3244 Quin-

330 3267 469 3337 quatrus,
488 3255 602 3340 quibus
620 3266 745 3342 apertae
763 3257 895 3322 insidiae
913 3267 1028 3334 essent,
1046 3257 1128 3321 ludis
1148 3256 1258 3321 annuis
1278 3256 1362 3320 colo-

330 3347 506 3425 brarentur;
525 3372 653 3414 aureum
666 3349 830 3416 Minervae
844 3350 1045 3416 simulacrum
1058 3351 1091 3415 in
1109 3351 1203 3427 curia,
1222 3359 1257 3415 et-
1270 3350 1362 3414 iuxta

330 3437 477 3522 principis
494 3441 600 3526 imago
615 3451 836 3520 statuerentur;
855 3445 922 3509 dies
940 3445 1051 3509 natalis
1065 3444 1260 3530 Agrippinae
1279 3443 1361 3508 inter

330 3527 468 3595 nefastos
487 3540 579 3596 esset.
608 3532 750 3599 Thrasea
766 3535 884 3601 Paetus
905 3538 1028 3602 silentio
1047 3538 1097 3601 vel
1115 3536 1203 3602 brevi
1221 3537 1360 3601 adsensu

268 3673 273 3681 .
331 3623 448 3710 priores
470 3624 664 3692 adulationes
678 3630 896 3696 ‘transmittere
921 3631 1030 3698 solitus
1055 3632 1130 3696 oxiit
1152 3641 1218 3695 tum
1237 3641 1359 3709 senatu,

330 3739 367 3784 ac
386 3717 445 3783 sibi
463 3739 590 3784 causam
607 3721 737 3808 periculi
755 3723 838 3801 fecit,
857 3726 968 3791 ceteris
986 3725 1137 3792 libertatis
1155 3725 1278 3790 initium
1295 3746 1360 3789 non

330 3813 481 3899 praebuit.
503 3815 647 3904 prodigia
659 3837 785 3902 quoque
799 3818 908 3884 crebra
925 3829 956 3883 et
969 3820 1055 3887 irrita
1067 3820 1284 3884 intercessere:
1303 3841 1360 3882 an·

330 3931 426 3996 guem
447 3910 539 3976 enixa
560 3899 684 3991 lnulier,
711 3922 742 3978 et
764 3913 825 3978 alia
846 3914 878 3978 in
904 3912 1072 3978 concubitu
1098 3912 1202 3976 mariti
1226 3911 1359 3976 fulmine

331 4005 520 4084 exanimata3
544 4007 606 4072 iam
624 4007 671 4074 sol
688 4017 815 4095 repente
838 4007 1022 4074 obscuratus
1046 4015 1077 4071 et
1094 4017 1195 4072 tactae
1214 4005 1253 4070 de
1272 4006 1359 4072 caelo

330 4099 577 4177 quattuordecim
599 4100 685 4167 urbis
703 4102 862 4188 regionem
884 4123 966 4185 quae
983 4101 1062 4167 adeo
1085 4101 1152 4166 sine
1170 4121 1246 4164 cura
1262 4100 1358 4164 deum

331 4189 528 4269 eveniebant,
553 4202 587 4256 ut
609 4194 723 4258 multos
742 4205 813 4278 post
836 4218 934 4260 annos
952 4195 1036 4260 Nem
1056 4193 1222 4280 imperium
1240 4201 1272 4256 et
1290 4213 1360 4258 sce-
