2960 4962
208 465 211 472 '
327 455 389 521 126
675 459 859 518 CORNELII
873 459 1004 516 TACITI

1244 565 1264 595 a.
1276 567 1298 597 u.
1311 559 1361 598 777.

325 623 459 708 vestigia
480 618 699 695 cernebantur3
721 615 816 681 refert
834 618 873 681 ad
892 627 1048 696 senatum,
1076 619 1220 704 datisque
1243 623 1362 689 iudici-

325 719 385 784 bus
398 714 584 802 Urgulania,
605 710 727 779 Silvani
744 712 823 787 avia,
842 712 1013 796 pugionem
1030 714 1136 798 nepoti
1154 715 1248 792 misit,
1269 719 1362 799 quod

325 810 453 898 perinde
480 807 631 872 creditum
657 805 748 888 quasi
773 805 921 890 principis
947 807 1083 884 monitu,
1116 807 1167 872 ob'
1183 809 1361 875 amicitiam

325 904 492 991 Augustae
523 922 595 965 cum
621 897 806 984 Urgulania.
841 919 914 964 reus
941 899 1058 964 frustra
1088 909 1238 985 temptato
1271 902 1361 970 ferro

325 1021 423 1064 venas
444 993 588 1084 praebuit
609 992 831 1070 exsolvendas3
853 1015 928 1058 mox
944 993 1149 1072 Numantina,
1171 996 1259 1080 prior
1275 1019 1362 1062 uxor

326 1094 404 1169 eius,
423 1098 568 1156 accusata
585 1087 728 1152 iniecisse
743 1085 931 1151 carminibus
950 1096 981 1152 et
998 1088 1156 1154 veneficiis
1174 1091 1359 1156 vecordiam

326 1186 452 1261 marito,
471 1182 579 1248 insons
597 1181 760 1246 iudicatur.

276 1299 308 1346 23
391 1279 425 1344 Is
444 1278 571 1341 demum
589 1297 689 1340 annus
706 1275 858 1360 populum
875 1273 1054 1339 Romanum
1070 1275 1166 1362 longo
1184 1277 1358 1342 adversum

325 1371 494 1438 Numidam
513 1368 744 1434 Tacfarinatem
761 1368 844 1432 bello
862 1367 1009 1446 absolvit3
1028 1391 1101 1433 nam
1118 1371 1238 1454 priores
1257 1370 1356 1435 ducas

327 1466 381 1531 ubi
405 1462 601 1548 impetrando
627 1461 861 1547 triumphalium
886 1460 1003 1546 insigni
1030 1461 1175 1527 sufficere
1200 1485 1252 1528 res
1281 1487 1355 1528 suas

327 1559 534 1635 crediderant,
558 1556 680 1620 hortem
699 1555 895 1633 omittebant,
917 1557 1043 1639 iamque
1065 1563 1128 1621 tres
1146 1557 1306 1623 laureatae
1323 1558 1356 1622 iu

327 1651 404 1716 urbe
418 1659 539 1714 statuae
552 1659 583 1714 et
594 1650 698 1714 adhuc
711 1649 856 1735 raptabat
869 1648 1013 1714 Africam
1027 1649 1222 1730 Tacfarinas,
1242 1661 1355 1716 auctus

326 1744 511 1809 Maurorum
534 1743 671 1821 auxiliis,
699 1744 754 1827 qui
775 1744 972 1821 Ptolemaeo,
999 1743 1098 1808 Iubae
1120 1744 1199 1821 filio,
1226 1744 1356 1810 iuventa

326 1837 482 1904 incurioso
508 1837 635 1902 libertos
661 1839 765 1924 regios
792 1847 824 1904 ct
847 1838 971 1903 servilia
992 1838 1122 1923 imperia
1144 1838 1226 1903 bello
1252 1848 1355 1903 muta-

327 1940 450 2009 verant;
477 1939 543 1996 erat
560 1931 605 1995 illi
626 1932 813 2016 praedarum
834 1941 975 2016 receptor
998 1953 1035 1996 ac
1058 1931 1160 1996 socius
1182 1932 1356 2017 populandi

327 2049 383 2091 rex
410 2022 651 2102 Garamantum,
683 2047 747 2090 non
771 2033 807 2088 ut
832 2046 904 2090 eum
931 2025 1069 2089 exercitu
1093 2024 1265 2102 incederet,
1299 2025 1355 2090 sed

327 2120 432 2186 missis
449 2119 572 2184 levibus
590 2120 701 2206 copiis,
726 2140 806 2202 quae
824 2141 863 2183 ex
884 2118 1055 2204 longinquo
1073 2119 1106 2182 in
1123 2119 1225 2183 maius
1248 2119 1355 2183 audie-

327 2214 454 2291 bantur;
476 2213 607 2297 ipsaque
626 2235 643 2278 e
660 2213 834 2298 provincia,
857 2221 893 2276 ut
909 2213 981 2296 quis
999 2212 1141 2277 fortunae
1158 2213 1263 2298 inops,
1288 2233 1355 2276 mo-

250 2371 255 2382 ,
327 2307 414 2372 ribus
436 2305 593 2383 turbidus,
617 2307 791 2391 promptius
813 2305 959 2382 ruebant,
982 2306 1055 2389 quia
1073 2305 1193 2371 Caesar
1213 2313 1287 2391 post
1302 2327 1354 2370 res

328 2425 347 2466 a
364 2399 480 2464 Blaeso
497 2408 617 2484 gestas,
641 2399 731 2482 quasi
749 2399 842 2464 nullis
864 2400 978 2464 iamin
994 2398 1107 2464 Africa
1123 2399 1283 2477 hostibus,
1304 2421 1355 2463 rc·

327 2493 443 2580 portari
468 2515 584 2558 nonam
608 2493 765 2578 legionem
790 2493 937 2571 iusserat,
964 2516 1022 2560 nec
1046 2516 1104 2578 pro
1130 2493 1258 2559 consule
1285 2493 1353 2557 eius

328 2588 401 2652 anni
417 2586 455 2650 P.
474 2585 643 2650 Dolabella
659 2587 791 2652 retinere
809 2610 906 2652 ausus
925 2597 1000 2666 erat,
1018 2589 1105 2652 iussa
1121 2587 1270 2674 principis
1288 2609 1355 2651 ma-

327 2681 377 2767 gis
395 2702 490 2763 quam
507 2679 627 2743 incerta
644 2679 719 2744 belli
736 2691 888 2745 metuens.

277 2795 310 2843 24
391 2771 493 2859 Igitur
507 2772 691 2839 Tacfarinas
710 2775 851 2860 disperso
869 2797 992 2839 rumore
1010 2797 1077 2839 rem
1090 2773 1266 2839 Romanam
1284 2773 1354 2838 aliis

327 2888 452 2951 quoque
470 2865 511 2932 ab
528 2867 707 2932 nationibus
729 2867 859 2933 lacerari
881 2889 980 2952 eoque
1002 2867 1153 2952 paulatim
1170 2864 1283 2930 Africa
1300 2864 1355 2930 de-

328 2961 451 3038 cedere,
475 2982 512 3026 ac
529 2982 624 3046 posse
641 2962 777 3045 reliquos
801 2961 1031 3038 circumveniri,
1055 2961 1082 3025 si
1100 2960 1216 3036 cuncti,
1240 2959 1355 3042 quibus

327 3053 453 3120 libertas
473 3055 599 3120 servitio
620 3056 736 3140 potior,
758 3055 987 3132 incubuissent,
1010 3064 1107 3140 auget
1127 3054 1209 3118 vires
1227 3053 1356 3138 positis-

327 3171 388 3232 que
415 3149 525 3214 castris
552 3148 759 3226 Thubuscum
785 3149 936 3234 oppidum
962 3148 1170 3213 circumsidet.
1202 3156 1234 3210 at
1255 3146 1357 3210 Dola·

328 3242 410 3306 bella
438 3251 596 3308 contracto
622 3244 794 3326 quoderat
820 3242 967 3320 militum,
982 3251 1111 3306 terrore
1133 3240 1268 3306 nominis
1291 3239 1356 3304 Ro-

328 3329 416 3398 mani
443 3343 474 3396 et
500 3335 574 3416 quia
599 3335 754 3400 Numidae
779 3336 921 3422 peditum
953 3335 1052 3400 aciem
1079 3335 1160 3400 ferre
1185 3343 1355 3417 nequeunt,

327 3426 428 3510 primo
451 3426 502 3488 sui
518 3426 645 3490 incessu
667 3427 760 3492 solvit
777 3428 934 3493 obsidium
955 3430 1158 3514 locorumque
1179 3421 1357 3512 opportuna

327 3518 529 3602 permunivit3
558 3519 651 3583 simul
676 3521 831 3606 principes
858 3521 1122 3587 Musulamiorum
1148 3521 1358 3586 defectionem

329 3618 508 3696 coaptantes
536 3613 637 3676 securi
662 3615 805 3698 percutit.
836 3616 909 3680 dein
929 3617 1004 3700 quia
1023 3615 1166 3701 pluribus
1188 3614 1357 3678 adversum

329 3702 561 3770 Tacfarinatem
574 3708 827 3792 expeditionibus
843 3709 1013 3794 cognitum,
1029 3731 1094 3774 non
1111 3707 1200 3796 gravi
1217 3729 1276 3771 nec
1293 3727 1357 3770 uno

327 3801 721 3867 incursueonscotandum
743 3802 866 3869 hostem
887 3825 1018 3889 vagum,
1042 3803 1144 3870 excito
1167 3823 1239 3866 oum
1256 3823 1359 3886 popu·

328 3896 446 3962 laribus
467 3917 542 3982 rege
564 3894 746 3976 Ptolemaeo
768 3906 915 3981 quattuor
936 3897 1063 3983 agmina
1083 3905 1186 3982 parat,
1209 3915 1291 3978 quae
1312 3892 1358 3958 le-

328 3992 410 4076 gatis
441 3999 496 4056 aut
525 3991 657 4059 tribunis
688 3994 775 4071 data;
806 4002 837 4057 ct
862 3992 1074 4077 praedatorias
1105 4013 1217 4056 manus
1244 3987 1357 4053 delecti

278 4103 311 4152 as
328 4084 513 4150 Maurorum
540 4087 670 4152 duxere:
696 4088 764 4173 ipse
790 4085 948 4152 consultor
973 4086 1081 4152 aderat
1106 4083 1261 4150 omnibus.
1297 4103 1358 4146 nec

329 4177 426 4243 multo
447 4187 520 4264 post
541 4179 681 4246 adfertur
697 4180 850 4246 Numidas
872 4179 957 4266 apud
979 4179 1142 4246 castellum
1160 4177 1355 4252 semirutum,
