2960 4962
379 449 589 508 ANNALIUM
606 451 680 506 [ΑΒ.
693 452 743 510 IV.
762 452 880 507 14-17.
1077 442 1139 508 123

127 543 277 595 amaa

123 612 227 676 iuveni
249 609 400 674 modestia
426 629 463 672 ac
488 607 591 672 forma
614 608 753 694 principe
775 610 842 673 viro
868 609 977 695 digna,
1003 610 1085 678 notis
1106 613 1140 678 in

124 727 197 768 eum
214 701 315 768 Seiani
331 702 412 767 odiis
432 701 472 766 ob
490 701 661 786 perieulum
679 703 824 787 gratiora.

190 795 251 862 Sub
268 796 351 860 idem
365 804 489 879 tempus
504 795 543 858 de
560 794 685 859 flamine
697 794 784 860 Diali
801 796 951 860 inlocum
965 795 1056 863 Servi
1068 797 1141 863 Ma-
1160 821 1190 868 16

121 890 288 976 laginensis
305 889 448 953 defuncti
465 888 609 974 legende,
628 888 721 952 simul
733 891 874 976 roganda
890 914 972 956 nova
989 893 1059 978 lege
1077 893 1141 957 dis·

122 985 217 1048 seruit
229 983 359 1049 Caesar:
378 1006 451 1047 nam
470 983 615 1067 patricios
635 983 836 1050 confarreatis
854 986 1035 1069 parentibus
1053 988 1141 1073 geni-

120 1089 171 1143 tos
189 1087 245 1144 tres
264 1078 359 1142 simul
380 1077 547 1153 nominari,
571 1099 611 1141 ex
628 1078 701 1160 quis
721 1101 802 1143 unus
823 1078 992 1164 legeretur,
1015 1089 1140 1145 vetusto

121 1193 218 1249 more;
238 1193 339 1254 neque
362 1171 490 1246 adesse,
513 1179 548 1234 ut
570 1170 659 1248 olim,
683 1193 752 1236 eam
774 1172 910 1256 copiam,
933 1173 1050 1239 omissa
1066 1194 1141 1237 con-

119 1265 270 1330 farreandi
288 1263 496 1328 adsuetudine
513 1273 568 1330 aut
584 1264 666 1328 inter
681 1286 799 1349 paucos
816 1273 951 1342 retenta;
973 1264 1140 1349 pluresque

120 1360 189 1424 eius
203 1360 245 1424 rei
262 1381 376 1424 causas
398 1356 572 1435 adferebat,
595 1358 791 1443 potissimam
807 1380 905 1444 penes
926 1359 1078 1424 incuriam
1095 1360 1141 1424 vi-

117 1476 221 1517 rorum
240 1452 505 1536 feminarumque:
532 1453 679 1517 accedere
701 1454 800 1538 ipsius
827 1454 1032 1521 caerimoniae
1058 1453 1141 1518 diffi-

119 1546 259 1623 cultates,
286 1568 368 1629 quae
395 1545 537 1611 consulto
563 1546 746 1624 vitarentur3
774 1556 804 1612 et
830 1549 977 1631 quoniam
1003 1547 1100 1613 exiret
1122 1570 1139 1612 e

118 1639 185 1703 iure
203 1641 304 1725 patrio
321 1640 376 1722 qui
398 1638 432 1702 id
453 1639 624 1704 flaminium
646 1638 836 1724 apisceretur
856 1663 998 1726 quaeque
1019 1643 1051 1706 in
1073 1666 1140 1706 ma·

119 1755 193 1796 num
211 1734 346 1798 flaminis
373 1733 565 1810 conveniret,
591 1734 636 1798 ita
656 1734 843 1798 medendum
865 1747 991 1801 senatus
1015 1737 1139 1802 decreto

118 1837 171 1891 aut
187 1828 264 1914 lege,
284 1828 366 1891 sicut
378 1825 546 1912 Augustus
564 1827 719 1910 quaedam
738 1849 777 1892 ex
794 1828 919 1894 horrida
935 1829 989 1894 illa
1002 1823 1139 1912 'antiqui-

119 1930 180 1985 tate
196 1923 234 1986 ad
250 1929 449 2007 praesentem
467 1943 559 1985 usum
576 1921 724 1986 flexisset.
747 1922 843 2007 igitur
860 1923 997 1988 tractatis
1014 1924 1142 2008 religio-

118 2013 206 2080 nibus
221 2015 373 2100 plaeitum
390 2014 531 2078 instituto
548 2014 708 2079 flaminum
721 2015 800 2078 nihil
817 2015 985 2093 demutari3
1004 2016 1060 2079 sed
1076 2015 1140 2078 lata

118 2108 168 2172 lex
184 2131 244 2192 qua
260 2107 419 2172 flaminica
430 2107 534 2172 Dialis
553 2130 713 2173 sacrorum
735 2129 832 2172 eausa
848 2108 882 2170 in
899 2116 1052 2192 potestate
1070 2108 1138 2183 viri,

118 2212 214 2266 cetera
222 2202 381 2287 promisco
391 2200 576 2266 feminarum
585 2202 652 2266 iure
667 2210 774 2286 ageret
779 2226 789 2279 ;
803 2209 834 2264 et
847 2200 930 2265 filius
940 2199 1140 2286 Maluginen-

121 2295 160 2358 sis
184 2296 263 2380 patri
290 2294 455 2372 suffectus3
482 2304 578 2378 utque
604 2295 751 2380 glisceret
776 2295 916 2380 dignatio
943 2295 1138 2359 sacerdotum
1226 2357 1229 2364 .

119 2397 205 2470 atque
221 2389 302 2474 ipsis
320 2389 492 2473 promptior
510 2389 631 2453 animus
654 2389 735 2453 foret
753 2387 794 2472 ad
816 2389 1024 2473 capessendas
1042 2388 1139 2452 caeri-

118 2483 244 2559 monias,
264 2483 425 2550 decretum
445 2480 608 2546 Corneliae
625 2482 748 2567 virgini,
768 2504 849 2565 quae
867 2482 1022 2548 inlocum
1040 2480 1139 2548 Scan-

120 2575 176 2639 tiae
200 2575 396 2660 capiebatur,
424 2576 601 2640 sestertium
627 2575 737 2652 vicies,¹
766 2585 797 2640 et
822 2577 965 2660 quotiens
991 2575 1141 2663 Augusta

119 2667 270 2734 theatrum
287 2669 459 2748 introisset,
478 2678 514 2733 ut
531 2669 622 2734 sedes
639 2668 719 2733 inter
736 2668 912 2735 Vestalium
930 2671 1113 2737 consideret.

180 2763 336 2830 Conunmo
356 2762 517 2840 Cerauno,
536 2762 846 2830 V1snnmo-anorn
864 2765 1044 2832 consulibus
1061 2786 1141 2849 pon-
1160 2783 1189 2827 rr

120 2855 215 2922 tifrces
236 2879 407 2940 cenamque
429 2855 573 2941 exemplo
595 2857 690 2921 ceteri
712 2859 903 2934 sacerdotes,
927 2880 999 2922 cum
1020 2879 1077 2943 pro
1094 2857 1142 2920 in-

121 2949 295 3015 columitate
311 2951 460 3036 principis
478 2943 552 3016 vota
569 2951 776 3036 susciperent,
794 2951 951 3016 Neronem
969 2971 1092 3034 quoque
1111 2958 1141 3012 et

120 3041 257 3110 Drusum
280 3045 382 3109 isdem
404 3045 452 3109 dis
474 3046 747 3122 commendavere,
768 3047 838 3106 ¹non
860 3053 925 3121 tam
947 3043 1073 3106 caritate
1096 3042 1144 3105 iu-

122 3159 229 3202 venum
248 3159 345 3223 quam
363 3137 554 3214 adulatione,
578 3160 660 3220 quae
677 3135 816 3202 moribus
840 3135 992 3220 corruptis
1014 3134 1143 3218 perinde

122 3253 241 3318 anceps,
261 3233 289 3296 si
306 3233 392 3296 nulla
406 3241 437 3297 et
449 3233 505 3297 ubi
521 3233 617 3298 nimia
631 3240 692 3296 est:
711 3252 785 3294 nam
799 3229 954 3306 Tiberius,
973 3228 1058 3293 haud
1074 3251 1143 3292 um-

123 3345 208 3405 quam
222 3327 332 3392 domui
347 3323 526 3392 Germanici
538 3327 632 3404 mitis,
652 3335 719 3388 tum
732 3343 807 3388 vero
822 3323 948 3406 aequari
962 3323 1144 3388 adnleseen-

123 3427 163 3483 tes
180 3429 327 3486 senectae
341 3443 416 3488 suae
430 3422 617 3506 inpatienter
629 3419 772 3496 indoluit,
791 3418 968 3502 accitosque
981 3418 1143 3504 pontifices
1193 3425 1195 3430 '

123 3523 316 3606 percontatus
335 3524 383 3578 est
399 3539 475 3580 num
492 3515 527 3579 id
542 3513 687 3600 precibus
700 3511 895 3600 Agrippinae
914 3523 968 3578 aut
980 3514 1072 3578 minis
1090 3515 1145 3578 tri·

124 3603 268 3674 buissent
301 3617 333 3672 et
356 3609 402 3672 illi
426 3609 566 3693 quidem,
594 3629 783 3692 quamquam
809 3607 1144 3684 abnuerent,·modice

124 3702 286 3781 perstricti:
305 3703 420 3767 etenim
436 3725 510 3788 pars
528 3723 644 3788 magna
661 3724 678 3766 e
695 3701 878 3794 propinquis
893 3702 992 3786 ipsius
1011 3711 1066 3764 aut
1081 3701 1145 3783 pri-

123 3813 219 3861 mores
242 3795 377 3860 civitatis
400 3805 502 3874 erant;
526 3804 664 3860 ceterum
686 3795 719 3858 in
741 3803 852 3859 senatu
870 3793 1008 3858 oratione
1025 3791 1146 3855 monuit

124 3883 328 3974 inposterum
345 3911 387 3954 ne
404 3890 474 3973 quis
496 3889 629 3954 mobiles
647 3887 894 3953 adulescentium
917 3885 1038 3948 animos
1055 3905 1146 3968 prae-

124 3985 247 4048 maturis
256 3981 428 4048 honoribus
442 3983 483 4047 ad
496 3983 675 4068 superbiam
689 3979 860 4044 extolleret.
878 3975 1017 4042 instabat
1030 3977 1145 4062 quippe

127 4069 255 4142 Seianus
277 4076 502 4160 incusabatque
524 4077 684 4141 diductam
705 4071 864 4136 civitatem
885 4078 921 4133 ut
943 4070 1026 4134 civili
1048 4070 1143 4149 bell03

126 4186 187 4236 esse
209 4170 268 4256 qui
285 4191 319 4236 se
341 4171 477 4255 partium
493 4168 689 4256 Agrippinae
712 4172 837 4242 vocent,
860 4185 897 4230 ac
919 4163 952 4228 ni
973 4165 1143 4244 resistatur,
