3042 4956
451 455 659 516 nuruum
676 457 749 514 nra.
762 457 829 514 ΧΠ.
843 458 963 515 59-64.
1155 450 1219 524 223
1315 419 1321 434 ⁹

192 551 351 604 amma

191 618 361 704 atquibus
384 616 519 701 quisque
541 613 694 680 aetatibus
717 615 905 702 viguissent3
928 617 1004 702 quin
1026 620 1119 685 etiam
1140 621 1220 686 dixit

191 713 451 799 Xenophontem,
470 710 559 774 cuius
574 710 704 775 scientia
721 710 789 796 ipse
806 721 954 790 uteretur,
973 715 1083 778 eadem
1100 714 1220 780 familia

189 820 304 884 ortum,
321 806 533 891 precibusque
550 804 617 869 eius
635 805 775 870 dandum
791 815 827 869 ut
843 807 928 870 omni
946 807 1061 874 tributo
1078 809 1169 874 vacui
1186 809 1220 873 in

188 913 353 988 posterum
368 899 430 964 Coi
443 920 564 963 sacram
582 907 612 964 et
625 907 746 964 tantum
764 900 815 963 dei
828 900 1002 966 ministram
1014 902 1150 968 insulam
1168 925 1220 968 co-

189 999 305 1062 lerent:
328 1016 431 1077 neque
453 991 584 1057 dubium
601 992 734 1058 habetur
755 994 854 1058 multa
875 996 1044 1061 eorumdem
1066 996 1099 1060 in
1117 1018 1220 1082 popu-

188 1091 256 1154 lum
274 1090 455 1153 Romanum
476 1087 587 1150 merita
609 1087 773 1170 sociasque
794 1088 940 1154 victorias
962 1089 1102 1174 potuisse
1125 1091 1219 1168 tradi3

189 1186 248 1250 sed
267 1183 422 1248 Claudius
440 1180 589 1246 facilitate
607 1180 708 1257 solita,
727 1181 812 1265 qnod
824 1183 885 1246 -uni
902 1193 1107 1262 concesserat,
1125 1184 1219 1250 nullis

189 1279 387 1344 extrinsecus
405 1275 593 1340 adiumentis
612 1274 736 1339 velavit.

255 1370 303 1435 At
324 1369 471 1454 Byzantii
493 1369 567 1434 data
592 1367 717 1432 dicendi
732 1369 846 1454 copia,
874 1391 946 1434 cum
971 1368 1218 1457 magnitudinem
1237 1393 1269 1440 cu

189 1488 323 1530 onerum
345 1465 430 1549 apud
452 1475 595 1529 senatum
617 1465 871 1549 deprecarentur,
898 1474 1011 1532 cuncta
1031 1467 1217 1552 repetivere:

188 1559 255 1624 orsi
273 1583 292 1623 a
308 1558 444 1635 foedere,
463 1558 548 1642 quod
560 1557 726 1622 nobiscum
743 1558 861 1624 icerant
873 1581 936 1644 qua
950 1569 1135 1646 tempestate
1153 1559 1218 1626 bel-

189 1655 325 1718 lavimus
338 1653 489 1718 adversus
502 1675 610 1739 regern
618 1652 840 1732 Macedonum,
855 1656 906 1720 cui
920 1665 954 1721 ut
962 1656 1109 1742 degeneri
1117 1656 1219 1724 Pseu-

190 1748 366 1834 dophilippi
383 1746 571 1812 vccabulum
584 1747 765 1833 inpositum,
783 1749 896 1814 missas
914 1752 1046 1835 posthac
1060 1750 1166 1836 copias
1184 1751 1218 1814 in

189 1842 398 1920 Antiochum,
421 1843 554 1921 Persen,
577 1841 808 1920 Aristonicum,
831 1853 862 1908 ct
878 1843 1009 1929 piratico
1031 1844 1112 1910 bello
1131 1845 1218 1909 adiu-

190 1949 257 2003 tum
275 1939 450 2002 Antonium
468 1937 695 2015 memorabant,
719 1959 862 2022 quaeque
881 1937 988 2003 Sullae
1011 1939 1218 2004 aut=Lucullc

190 2044 245 2097 aut
256 2033 410 2118 Pompeio
423 2032 619 2110 obtulissent,
638 2054 713 2096 mox
725 2031 863 2096 recentia
879 2032 913 2094 iu
927 2030 1081 2098 Caesares
1098 2032 1217 2110 merita,

190 2128 316 2211 quando
334 2149 373 2191 ea
388 2126 459 2191 loca
474 2126 647 2191 insiderent
668 2147 750 2210 quae
768 2124 1031 2190 transmeantibus
1054 2135 1136 2190 terra
1152 2149 1219 2190 ma-

189 2222 278 2305 rique
301 2221 435 2286 ducibus
462 2219 728 2303 exercitibusque,
755 2219 849 2284 simul
874 2219 1018 2286 vehendo
1043 2229 1219 2285 commeatu

190 2325 366 2400 opportuna
378 2314 490 2380 forent.
508 2336 644 2398 namque
658 2314 815 2378 artissimo
828 2313 1078 2400 interEuropam
1091 2313 1219 2378 Asiam·
1237 2335 1269 2383 63

188 2431 251 2492 que
264 2409 398 2474 divortio
406 2408 597 2494 Byzantium
610 2408 644 2472 in
657 2417 796 2473 extrema
804 2407 936 2494 Europa
948 2431 1082 2495 posuere
1092 2406 1217 2486 Graeci,

188 2502 304 2586 quibus
326 2503 477 2588 Pythium
498 2501 683 2588 Apollinem
709 2503 945 2568 consulentibus
968 2502 1023 2568 ubi
1049 2503 1219 2569 conderent

187 2596 313 2674 urbem,
334 2597 491 2661 redditum
512 2595 674 2661 oraculum
692 2605 753 2674 est,
777 2607 962 2681 quaererent
984 2598 1092 2663 sedem
1109 2618 1218 2662 caeco-

187 2713 259 2754 rum
276 2691 365 2756 terris
384 2691 562 2755 adversam:
580 2713 619 2754 ea
636 2690 769 2777 ambage
785 2690 989 2758 Chalcedonii
1002 2690 1219 2759 monstraban-

187 2795 253 2862 tur,
272 2785 358 2868 quod
373 2785 492 2870 priores
509 2785 584 2849 illuc
601 2785 738 2862 advecti,
756 2787 901 2871 praevisa
917 2787 1058 2852 locorum
1074 2787 1217 2862 utilitate,

185 2878 296 2966 peiora
316 2879 491 2988 legissent3
507 2879 624 2987 quippe
645 2879 836 2964 Byzantium
858 2880 953 2944 fertili
975 2881 1056 2956 solo,
1082 2879 1218 2944 fecundo

186 2972 282 3049 mari,
304 2974 378 3056 quia
394 2973 442 3037 vis
460 2972 595 3058 piscium
611 2973 757 3038 inmensa
772 2973 911 3038 Pontum
929 2994 1096 3057 erumpens
1114 2982 1146 3037 et
1163 2972 1219 3036 ob-

186 3067 283 3151 liquis
301 3065 410 3130 subter
425 3066 526 3131 undas
551 3068 636 3132 saxis
659 3066 806 3131 exterrita
829 3066 948 3130 omisso
970 3064 1096 3129 alterius
1119 3065 1218 3129 litoris

186 3161 273 3224 flexu
291 3153 352 3224 bos
374 3160 416 3223 ad
436 3168 545 3245 portus
567 3160 716 3224 defertur.
746 3159 831 3224 unde
855 3159 957 3244 primo
983 3157 1165 3242 quaestuosi
1187 3166 1219 3222 et

187 3253 338 3338 opulenti,
355 3254 657 3339 postmagnitudine
671 3275 802 3318 onerum
818 3263 950 3340 urgente
967 3253 1063 3318 finem
1080 3261 1135 3316 aut
1151 3274 1219 3316 mo-

187 3348 265 3411 dum
283 3347 426 3424 orabant,
445 3348 603 3412 adnitente
620 3347 775 3433 principe,
792 3348 851 3432 qui
867 3347 1001 3412 Threcia
1018 3347 1219 3432 Bosporano-

186 3463 250 3525 que
267 3440 350 3504 bello
366 3463 476 3505 recens
494 3441 597 3507 fessos
611 3442 827 3527 iuvandosque
843 3433 973 3510 rettulit:
991 3443 1036 3508 ita
1052 3441 1168 3508 tributa
1185 3441 1218 3506 in

187 3535 436 3619 quinquennium
453 3536 595 3601 remissa.

251 3628 298 3692 M.
312 3628 432 3707 Asnuo,
450 3629 498 3694 M.
511 3630 624 3697 Acuro
642 3631 823 3698 consulibus
841 3633 1046 3698 mutationem
1062 3653 1168 3697 rerum
1184 3629 1218 3693 in
1235 3647 1268 3694 er

187 3722 324 3788 <letemus
341 3725 486 3810 portendi
503 3726 665 3811 cognitum
682 3737 731 3792 est
748 3727 865 3793 crebris
882 3728 1048 3813 prodigiis:
1072 3727 1164 3808 signa
1180 3744 1218 3787 ac

186 3818 320 3882 tentoria
333 3818 467 3882 militum
480 3820 555 3905 igne
567 3821 696 3885 caelesti
708 3843 812 3886 arsere
817 3847 827 3898 3
840 3821 969 3905 fastigio
983 3816 1131 3902 Capitolii
1144 3838 1218 3878 exa-

184 3933 260 3974 men
277 3912 385 3996 apium
401 3913 531 3993 insedit3
549 3914 700 3980 biformes
717 3915 881 3980 hominum
896 3922 1019 3997 partus,
1038 3919 1070 3974 et
1087 3910 1153 3974 suis
1170 3909 1218 3972 fe-

185 4014 254 4068 tum
276 4006 410 4084 editum,
434 4008 486 4071 cui
507 4009 691 4094 accipitrum
711 4030 835 4092 ungues
857 4007 1009 4080 inessent3
1032 4001 1217 4067 numeraba-

185 4108 238 4163 tur
244 4099 326 4164 inter
334 4110 458 4166 ostenta
467 4101 647 4167 deminutus
656 4102 796 4168 omnium
808 4100 1049 4185 magistratuum
1057 4119 1215 4175 numerus,

184 4204 366 4275 quaestore,
390 4197 498 4274 aedili,
525 4196 649 4263 tribuno
671 4219 710 4263 ac
729 4211 873 4282 praetore
894 4203 926 4260 et
947 4191 1075 4260 conside
1095 4214 1215 4280 paucos
