3042 4956
308 465 372 532 230
654 469 837 528 CORNELII
853 468 982 526 TACITI

1225 573 1245 601 r.
1255 574 1277 603 u.
1287 565 1346 605 sor.

276 658 289 704 r
373 633 464 698 Haec
482 639 576 713 atque
589 627 663 692 talia
676 626 886 712 tulgantibus,
904 626 988 691 Nero
1002 637 1033 692 et
1050 627 1245 693 iuventutem
1263 654 1347 716 pro-

306 729 408 794 ximas
426 747 483 811 per
499 722 673 809 provincias
691 722 866 803 quaesitam
880 721 1061 808 supplendis
1076 720 1217 788 Orientis
1235 724 1345 810 legio-

307 820 401 887 nibus
419 821 584 884 admovere
601 815 802 902 legionesque
819 815 905 900 ipsas
922 815 1051 900 propius
1065 814 1251 882 Armeniam
1270 819 1344 882 eol-

306 914 403 980 loeari
423 912 523 988 iubet,
547 911 688 992 duosque
709 918 830 974 veteres
852 931 943 995 reges
965 907 1144 994 Agrippam
1166 923 1198 974 et
1218 908 1342 976 Antio-

308 1009 401 1073 chum
410 1005 556 1092 expedire
569 1003 685 1088 copias,
699 1002 769 1085 quis
779 1001 967 1067 Parthorum
980 1003 1058 1067 fines
1073 1003 1153 1068 ultro
1167 1004 1338 1082 intrarent3

228 1100 233 1108 ’
308 1102 400 1168 simul
413 1109 525 1186 pontes
538 1119 730 1183 peromnem
743 1096 928 1181 Euphraten
941 1096 1043 1184 iungi3
1059 1105 1089 1161 et
1102 1097 1255 1181 minorem
1269 1097 1340 1162 Ar-

308 1196 443 1260 meniam
456 1191 651 1267 Aristobulo,
668 1190 828 1276 regionem
843 1188 1013 1274 Sophenen
1028 1188 1185 1256 Sohaemo
1199 1214 1271 1256 oum
1284 1193 1338 1256 in·

308 1287 449 1375 signibus
469 1286 565 1372 regiis
588 1285 728 1361 mandat3
756 1293 943 1365 exortusque
965 1283 999 1348 in
1023 1291 1162 1369 tempore
1189 1285 1335 1350 aemulus

307 1381 458 1469 Vologesi
480 1382 562 1444 tilius
585 1377 756 1455 Vardanis;
783 1387 814 1442 et
836 1376 1016 1443 abscessere
1037 1376 1190 1443 Armenia
1211 1379 1335 1457 Parthi,

307 1487 464 1558 tamquam
483 1473 642 1537 differrent
659 1471 786 1536 bellum.

272 1589 288 1637 8
371 1566 437 1633 Sed
454 1565 538 1652 apud
552 1573 695 1630 senatum
712 1565 817 1629 omnia
834 1565 866 1628 in
878 1564 979 1628 maius
998 1563 1152 1630 celebrata
1170 1575 1243 1630 sunt
1262 1588 1336 1630 sen-

306 1661 409 1727 tentiis
428 1681 547 1725 eorum.
558 1658 613 1742 qui
630 1657 872 1743 supplicationes
891 1667 923 1722 et
940 1657 1051 1722 diebus
1069 1659 1335 1743 supplicationum

305 1764 424 1820 vestem
445 1752 577 1838 principi
599 1750 832 1836 triumphalem,
860 1761 956 1835 utque
978 1775 1075 1817 ovans
1097 1753 1208 1817 urbem
1229 1752 1333 1829 iniret,

306 1849 489 1935 effigiesque
507 1847 574 1912 eius
592 1847 658 1931 pari
672 1847 886 1932 magnitudine
904 1870 942 1912 ao
955 1847 1067 1912 Martis
1081 1847 1201 1912 Ultoris
1220 1849 1334 1913 eodem

305 1946 339 2009 in
356 1944 472 2028 templo
486 1964 644 2018 censuere,
662 1952 785 2027 praeter
798 1950 918 2006 suetam
933 1941 1142 2006 adulationem
1155 1942 1229 2006 laeti
1246 1943 1335 2026 quod

305 2037 482 2102 Domitium
500 2035 712 2102 Corbulonem
729 2036 908 2100 retinendae
921 2034 1091 2100 Armeniae
1108 2046 1335 2120 praeposuerat

306 2132 532 2214 videbaturque
553 2131 640 2196 locus
664 2129 828 2194 virtutibus
851 2130 1036 2214 patefactus.
1064 2130 1171 2214 copiae
1190 2128 1333 2196 Orientis

306 2227 350 2290 ita
366 2225 555 2302 dividuntur,
576 2234 610 2288 ut
627 2247 700 2309 pars
719 2224 913 2288 auxiliarium
932 2246 1003 2288 cum
1017 2223 1139 2288 duabus
1151 2223 1333 2310 legn’onibus

306 2321 390 2404 apud
407 2319 598 2404 provinciam
613 2316 738 2403 Syriam
756 2328 787 2382 et
803 2318 941 2405 legatum
959 2318 1026 2382 eius
1041 2316 1236 2400 Quadratum
1250 2317 1335 2382 Um·

305 2412 436 2476 midium
453 2420 634 2488 remaneret,
652 2434 710 2496 par
728 2411 842 2476 civium
856 2411 1072 2495 sociorumque
1087 2432 1234 2475 numerus
1250 2409 1333 2475 Cor-

305 2504 413 2569 buloni
431 2513 514 2568 esset
532 2505 644 2569 additis
668 2504 846 2570 cohortibus
865 2505 984 2588 alisque
1002 2527 1082 2588 quae
1101 2509 1185 2590 apud
1202 2502 1332 2590 Cuppa-

304 2598 425 2662 dociam
449 2598 643 2676 hiemabant3
671 2599 748 2664 socii
773 2621 879 2685 reges,
906 2607 998 2683 prout
1024 2598 1106 2665 bello
1132 2599 1330 2676 conduceret,

304 2713 412 2778 parere
430 2690 521 2767 iussi;
541 2692 598 2754 sed
616 2692 719 2756 studia
737 2713 844 2756 eorum
861 2693 895 2757 in
909 2692 1119 2759 Corbulonem
1137 2692 1332 2778 promptiora

305 2794 400 2849 erant.
428 2785 534 2869 quint
554 2784 658 2849 famae
680 2787 819 2862 instaret,
842 2808 923 2870 quae
944 2787 978 2851 in
999 2787 1089 2852 novis
1112 2785 1230 2872 coeptis
1252 2785 1332 2850 vali-

304 2880 434 2946 dissima
452 2889 513 2957 est,
535 2880 645 2944 itinere
662 2901 794 2966 propere
812 2882 968 2959 confecto,
988 2883 1071 2966 apud
1088 2880 1230 2968 Aegeas,
1254 2881 1331 2946 civi-

305 2985 401 3040 tatem
419 2973 562 3052 Ciliciae,
585 2975 713 3040 obvium
731 2975 926 3059 Quadratum
949 2975 1071 3052 habuit,
1094 2975 1168 3040 illuc
1185 2998 1331 3062 progres-

306 3093 385 3149 sum,
404 3093 453 3149 ne,
473 3070 501 3136 si
517 3071 559 3135 ad
576 3071 772 3156 accipiendas
790 3070 896 3157 copias
912 3068 1037 3156 Syriam
1053 3071 1231 3136 intravisset
1251 3068 1331 3134 Cor-

305 3165 393 3244 bulo,
417 3165 557 3231 omnium
579 3188 633 3252 ora
649 3165 682 3230 in
700 3188 734 3230 se
757 3174 903 3243 verteret,
926 3187 1054 3250 corpora
1076 3164 1202 3251 ingens,
1224 3162 1330 3228 verbis

304 3258 479 3344 magnificis
489 3266 521 3322 et
529 3281 623 3343 super
636 3260 857 3344 experientiam
867 3258 1113 3345 sapientiamque
1122 3258 1216 3324 etiam
1225 3255 1330 3342 specie

303 3349 442 3412 inanium
460 3350 592 3414 validus.

271 3460 285 3506 a
369 3438 518 3504 Ceterum
540 3451 670 3524 uterque
693 3445 733 3508 ad
751 3444 933 3531 Vologesen
954 3467 1061 3532 regem
1083 3445 1199 3510 nuntiis
1222 3465 1331 3508 mone-

303 3530 392 3596 bant:
414 3553 525 3616 pacem
543 3555 638 3617 quam
656 3536 772 3601 bellum
790 3539 896 3603 mallet
915 3540 1057 3623 datisque
1075 3537 1237 3604 obsidibus
1256 3537 1330 3601 soli-

304 3637 367 3692 tam
389 3626 543 3712 prioribus
569 3630 775 3694 reverentiam
801 3631 834 3697 in
859 3634 1010 3718 populum
1032 3634 1210 3698 Romanum
1231 3631 1330 3696 conti-

303 3731 421 3786 nuaret.
453 3732 484 3786 et
505 3721 696 3809 Vologeses,
723 3745 785 3807 quo
808 3724 925 3791 bellurn
948 3749 988 3792 ex
1010 3728 1175 3792 commodo
1196 3733 1328 3812 pararet,

304 3841 344 3884 an
360 3827 397 3882 ut
413 3818 628 3884 aemulationis
647 3829 809 3905 suspectos
831 3843 888 3907 per
905 3844 1019 3887 nomen
1041 3821 1188 3887 obsidum
1205 3841 1330 3884 amove-

303 3924 363 3990 ret,
387 3912 481 3978 tradit
502 3912 713 3980 nobilissim0s
737 3936 776 3978 ex
797 3913 916 3980 familia
933 3914 1171 3990 Arsacidarum,
1195 3913 1330 3998 accepit·

303 4026 365 4087 que
378 4028 432 4070 eos
446 4007 585 4072 centurio
598 4008 736 4074 Insteius
755 4008 794 4074 ab
808 4009 971 4074 Ummidio
984 4009 1110 4084 missus,
1129 4010 1209 4072 forte
1226 4007 1329 4094 priore

303 4097 342 4160 de
360 4121 455 4164 causa
472 4102 556 4167 adito
573 4125 657 4188 rege.
684 4103 770 4186 quod
787 4115 953 4189 postquam
972 4102 1145 4168 Corbuloni
1168 4101 1328 4188 cognitum

304 4198 364 4264 est,
386 4191 431 4254 iro
449 4193 641 4275 praefectum
664 4196 799 4262 cohortis
817 4196 946 4263 Arrium
964 4197 1085 4262 Varum
1103 4205 1134 4260 et
1155 4195 1328 4278 reciperare

303 4281 427 4346 obsides
446 4283 545 4350 iubet:
564 4285 636 4352 hino
650 4298 752 4352 ortum
764 4290 844 4354 inter
856 4289 1049 4373 praefectum
1068 4298 1098 4356 et
1116 4287 1328 4354 centurionem
