3020 4958
422 463 630 522 ANNALIUM
648 461 722 518 LIB.
737 463 815 521 XVI.
833 463 953 518 22—26.
1138 453 1200 518 327

174 567 196 604 o·
208 559 249 599 cu.
260 559 292 598 so.

177 623 425 711 magnitudinem
438 621 669 706 imperatoriam
678 621 773 686 caede
786 619 957 707 insignium
966 621 1102 686 virorum
1111 623 1202 707 quasi

177 720 264 806 regio
282 717 421 782 facinore
438 724 616 780 ostentaret.
706 760 716 774 .

239 812 343 898 Igitur
355 809 441 875 omni
450 808 576 874 civitate
589 807 630 872 ad
639 807 859 892 excipiendum
872 809 1044 894 principem
1059 820 1201 895 spectan·
1219 829 1252 876 24

176 908 314 990 dumque
323 926 430 991 regem
440 903 551 979 effusa,
557 901 699 966 Thrasea
708 924 841 966 occursu
849 902 1023 987 prohibitus
1032 926 1095 968 non
1104 905 1202 969 demi-

177 1000 220 1064 sit
234 999 389 1076 animum,
410 997 466 1062 sed
483 995 643 1061 codicillos
662 996 703 1060 ad
715 995 873 1061 Neronem
891 998 1079 1082 composuit,
1097 999 1202 1082 requi-

173 1115 249 1158 rens
269 1091 393 1157 obiecta
410 1099 441 1156 et
457 1099 704 1176 expingaturum
721 1089 924 1167 adseverans,
944 1091 971 1154 si
988 1092 1128 1156 notitiam
1142 1093 1201 1157 cri-

178 1187 299 1252 minum
317 1194 348 1249 et
365 1185 487 1269 copiam
505 1183 644 1248 diluendi
666 1183 837 1248 habuisset.
865 1205 919 1249 ecs
942 1184 1100 1250 codicillos
1117 1185 1200 1250 Nero

175 1288 379 1365 properanter
400 1277 533 1362 accepit,
562 1299 618 1363 spe
640 1276 822 1341 exterritum
840 1277 1014 1342 Thraseam
1036 1279 1199 1365 scripsisse

176 1395 232 1458 per
248 1393 330 1456 quae
347 1371 564 1436 claritudinem
577 1370 729 1455 principis
744 1370 904 1436 extolleret
918 1394 1069 1456 suamque
1082 1373 1199 1437 famam

176 1466 408 1543 dehonestaret3
426 1465 511 1548 quod
528 1464 583 1530 ubi
600 1487 665 1528 non
682 1463 799 1540 evenit,
822 1464 1004 1549 vultumque
1023 1474 1053 1530 et
1072 1467 1198 1552 spiritus

176 1572 207 1626 et
223 1560 399 1626 libertatem
415 1559 548 1624 insontis
566 1558 647 1623 ultro
666 1558 817 1635 extimuit,
836 1561 942 1624 vocari
958 1569 1062 1645 patres
1080 1560 1176 1626 iubet.

240 1653 325 1718 Tum
342 1652 484 1717 Thrasea
500 1652 580 1717 inter
597 1652 758 1738 proximos
776 1653 977 1732 consultavit,
995 1664 1199 1746 temptaretne
1217 1673 1249 1720 25

176 1747 391 1814 defensionem
413 1771 454 1811 aa
476 1756 644 1831 sperneret
672 1746 798 1812 diversa
814 1747 944 1812 consilia
966 1749 1199 1815 adferebantur:

176 1841 292 1926 quihus
311 1841 418 1905 intrari
436 1841 554 1906 curiam
571 1840 725 1926 placebat,
745 1863 872 1907 securos
891 1865 961 1907 esse
974 1845 1014 1908 de
1028 1845 1200 1912 constantia

175 1936 243 2000 eius
266 1934 436 2013 dissemrnt3
463 1935 540 1999 nihil
563 1935 718 1999 dicturum
739 1935 885 2020 nisique
907 1937 1038 2021 gloriam
1056 1948 1198 2024 augeret3
1317 2007 1322 2021 ,

176 2051 290 2115 segnes
317 2037 349 2092 et
373 2028 506 2114 pavidos
533 2029 687 2114 supremis
716 2030 782 2092 suis
810 2039 966 2094 secretum
992 2030 1198 2096 circumdare:

175 2123 329 2208 aspiceret
349 2123 484 2208 populus
506 2124 610 2188 virum
636 2125 728 2189 morti
754 2123 897 2201 obvium,
924 2124 1046 2189 audiret
1072 2134 1198 2189 senatus

174 2237 269 2281 voces
287 2216 378 2299 quasi
396 2238 436 2286 ux
453 2216 558 2300 aliquo
575 2217 708 2282 numine
722 2239 817 2303 supra
834 2219 988 2282 humanas
994 2243 1002 2296 ;
1020 2239 1115 2303 posse
1128 2219 1198 2304 ipso

175 2308 325 2373 miraculo
344 2308 437 2373 etiarn
445 2309 601 2377 Neronem
618 2312 808 2395 permoveri:
827 2312 877 2376 sin
890 2311 1063 2376 crudelitati
1076 2312 1200 2376 insiste-

174 2412 231 2480 ret,
254 2401 407 2487 distingui
424 2413 505 2468 certe
523 2405 607 2488 apud
623 2413 766 2488 posteros
789 2405 972 2470 memoriam
993 2404 1117 2470 honesti
1134 2404 1199 2469 exi-

175 2506 227 2559 tus
245 2495 285 2560 ab
303 2495 430 2581 ignavia
446 2518 503 2581 per
520 2498 678 2562 silentium
693 2499 900 2583 pereuntium.

241 2587 368 2667 Contra,
379 2589 433 2673 qui
446 2591 672 2676 opperiendum
679 2592 766 2657 domi
774 2593 953 2671 censebant,
972 2592 1199 2679 deipsoThra-
1218 2607 1249 2655 26

177 2704 232 2747 sea
249 2683 372 2748 eadem:
391 2684 448 2748 sed
464 2684 599 2750 ludibria
617 2695 648 2751 et
660 2687 865 2752 contumelias
883 2688 1044 2754 imminere
1050 2713 1059 2768 3
1078 2687 1200 2753 subtra-

176 2777 265 2842 heret
281 2800 372 2842 aures
391 2779 539 2844 conviciis
558 2789 589 2845 et
609 2780 742 2866 probris.
764 2805 828 2847 non
852 2783 955 2848 solum
974 2781 1200 2850 Cossutianum

177 2879 232 2936 aut
254 2869 388 2956 Eprium
409 2872 451 2936 ad
473 2873 575 2938 scelus
602 2885 778 2961 promptos:
806 2897 972 2960 superesse
993 2877 1047 2960 qui
1069 2875 1201 2941 forsitan

176 2985 289 3029 manus
311 2964 453 3050 ictusque
475 2989 531 3051 per
557 2966 784 3034 immanitatem
811 2970 971 3054 adgesturi
995 2973 1070 3046 aiat3
1106 2969 1200 3033 etiam

177 3057 276 3123 bonos
294 3068 380 3124 metu
398 3061 500 3142 sequi:
520 3061 695 3127 detraheret
711 3063 815 3148 potius
834 3063 965 3139 senatui,
983 3084 1077 3145 quern
1094 3084 1201 3145 peror-

177 3151 330 3229 navisset,
356 3151 520 3218 infamiam
546 3155 624 3220 tanti
645 3156 756 3242 flagitii
778 3167 809 3221 et
829 3157 1016 3239 relinqueret
1037 3156 1198 3226 incertum,

176 3245 253 3327 quid
265 3245 333 3310 viso
348 3245 489 3312 Thrasea
501 3271 554 3314 rec
568 3251 721 3315 decreturi
733 3261 837 3336 patres
850 3251 975 3314 fuerint.
997 3258 1033 3313 ut
1043 3248 1200 3314 Neronem

176 3339 365 3425 flagitiorum
382 3341 482 3424 pudor
496 3343 628 3428 caperet,
647 3345 739 3408 inrita
753 3366 808 3429 spe
822 3344 942 3431 agitari,
962 3343 1120 3428 multoque
1134 3367 1201 3408 ma-

176 3437 226 3522 gis
235 3437 406 3502 timendum
415 3461 455 3504 nc
464 3439 497 3504 in
506 3441 681 3528 coniugem,
699 3441 733 3506 in
742 3441 902 3518 familiam,
916 3440 1061 3506 incetera
1069 3440 1201 3526 pignora

177 3532 244 3603 eius
262 3532 409 3598 saeviret:
427 3534 557 3618 proinde
570 3535 782 3613 intemeratus,
801 3535 982 3621 inpollutus‚
1001 3557 1135 3619 quorum
1148 3557 1201 3598 ve-

177 3625 277 3711 stigiis
296 3636 327 3690 et
345 3627 456 3692 studiis
470 3628 566 3693 vitam
579 3631 711 3708 duxerit,
731 3653 838 3695 eorum
852 3630 952 3715 gloria
965 3637 1083 3714 peteret
1095 3627 1198 3691 finem.

239 3718 361 3784 Aderat
377 3721 508 3786 consilio
523 3723 672 3790 Rusticus
686 3722 857 3800 Arulenus,
875 3723 1012 3808 flagrans
1029 3721 1150 3784 iuvenis
1169 3730 1200 3783 et

176 3813 322 3896 cupidine
334 3814 436 3880 laudis
445 3815 596 3882 offerebat
604 3838 638 3884 se
651 3817 895 3882 intercessurum
905 3824 1032 3880 senatus
1042 3813 1199 3878 consulto:

176 3929 248 3969 narn
260 3906 346 3991 plebi
358 3908 501 3974 tribunus
516 3920 589 3974 erat.
608 3908 747 3975 cohibuit
764 3909 891 3995 spiritus
910 3909 977 3973 eius
991 3908 1141 3984 Thrasea,
1160 3929 1200 3971 ne

176 4021 257 4063 vana
275 4010 306 4064 et
322 4023 377 4067 reo
394 4025 458 4068 non
475 4003 651 4089 profutura,
669 4003 869 4068 intercessori
887 4002 1019 4067 exitiosa
1035 4000 1198 4085 inciperet3

177 4091 237 4157 sibi
245 4103 347 4158 actam
357 4106 500 4175 aetatem,
511 4108 542 4161 et
550 4106 596 4162 tot
604 4119 661 4182 per
669 4119 766 4162 annos
778 4096 958 4160 continuum
968 4095 1050 4160 vitae
1059 4094 1200 4159 ordinem

176 4207 239 4250 non
252 4186 473 4254 deserendum:
491 4190 536 4254 illi
549 4189 671 4254 initium
684 4190 923 4276 magistratuum
937 4199 968 4253 ct
981 4187 1103 4274 integra
1119 4211 1199 4273 quae

176 4280 342 4364 supersint.
362 4283 494 4348 multum
507 4293 579 4348 ante
593 4306 699 4349 secum
714 4283 902 4370 expenderet
916 4283 1000 4368 quod
1014 4283 1068 4350 tali
1081 4284 1113 4349 in
1122 4293 1200 4348 tem-
