2960 4962
325 455 369 522 94
673 461 859 522 CORNELII
873 461 1005 520 TACITI

1186 567 1207 598 ι.
1217 569 1241 599 u.
1251 561 1303 601 rra.
1315 563 1375 602 aas.

324 624 413 704 intra
434 621 553 709 aaran
575 605 765 687 caesaribus
789 629 877 686 eant
899 621 1063 708 mergatque
1084 623 1117 688 in
1134 608 1239 716 aean
1262 639 1371 718 areta.

323 743 393 785 mos
411 727 443 783 et
459 716 610 803 privignis
629 737 701 781 cum
718 716 828 780 vitrico
845 716 944 781 levior
960 718 1159 784 necessitudo
1177 742 1278 808 quarn
1299 745 1371 788 avo

324 814 491 878 adversum
504 819 659 895 nepotem.
682 809 806 874 additur
819 809 1018 895 pontificatus
1031 820 1063 876 et
1076 833 1138 898 quo
1151 814 1294 898 primum
1309 817 1371 881 die

289 961 291 971 .
325 907 426 972 forum
452 905 613 991 ingressus
635 912 683 968 est
705 903 897 989 congiarium
921 903 1021 990 plebi,
1048 905 1218 982 admodum
1241 908 1368 988 laetae,

296 991 408 1084 ‘'quod
427 996 607 1064 Germanici
625 998 752 1082 stirpem
770 997 833 1060 iam
849 995 1002 1082 puberem
1019 991 1199 1084 aspiciebat.
1223 995 1370 1068 auctum

324 1094 437 1158 dehinc
463 1091 614 1178 gaudium
639 1091 756 1176 nuptiis
778 1091 910 1156 Neronis
933 1102 969 1155 et
990 1092 1104 1170 Irdiae,
1130 1093 1245 1174 Drusi·
1259 1095 1367 1162 filiae.

323 1197 420 1270 utque
438 1185 516 1250 baec
530 1184 667 1249 secundo
684 1205 817 1261 rumore,
836 1184 881 1248 ita
897 1185 1037 1262 adversis
1055 1187 1166 1252 animis
1185 1200 1368 1274 acceptum

323 1281 408 1364 quod
433 1279 498 1344 filio
526 1277 651 1344 Claudii
677 1299 765 1342 socer
792 1275 925 1344 Seianus
952 1279 1171 1345 destinaretur:
1198 1282 1369 1366 polluisse

322 1375 517 1440 nobilitatem
539 1373 682 1437 familiae·
698 1371 864 1436 videbatur
886 1383 1128 1458 suspectumque
1149 1375 1213 1440 ia‘m
1236 1376 1367 1443 nimiae

324 1469 392 1554 spei
411 1455 561 1533 Seianum
578 1467 658 1530 ultro
676 1466 835 1530 extulisse.
917 1482 919 1488 ·

272 1582 305 1631 so
386 1561 466 1626 Fine
484 1560 557 1626 anni
575 1581 757 1624 concessere
775 1560 997 1647 aita‘insignes
1015 1561 1074 1625 viri
1085 1563 1132 1627 L.
1146 1561 1308 1630 Volusius
1330 1576 1366 1630 et

324 1653 493 1721 Sallustius
521 1652 664 1738 Crispus.
696 1653 829 1718 Volusio
855 1665 946 1720 vetus
973 1655 1092 1720 familia
1115 1679 1217 1740 neque
1247 1667 1367 1725 tamen

322 1758 499 1834 praeturam
513 1769 654 1833 egressa;
673 1746 740 1832 ipse'
759 1748 953 1824 consulatum
966 1749 1077 1826 intulit,
1097 1751 1239 1815 censoria
1257 1752 1365 1818 etiam

321 1837 475 1927 potestate
488 1841 629 1928 legendis
643 1840 782 1923 equitum
800 1840 933 1906 decuriis
947 1841 1074 1906 functus
1092 1865 1261 1928 opumque,
1282 1847 1364 1928 quis

323 1936 435 2000 domus
444 1935 498 1999 illa
506 1935 683 1999 inmensum
694 1934 802 2019 viguit,
816 1934 935 2019 primus
946 1935 1169 2001 adcumulator.
1189 1936 1362 2023 Crispum,

323 2025 460 2114 equestri
487 2039 588 2094 ortum
613 2027 697 2106 loco,
730 2027 768 2092 C.
798 2025 980 2106 Sallustius,
1007 2052 1111 2094 rerum
1136 2031 1362 2098 Romanarum

322 2124 561 2189 florentissimus
580 2133 701 2200 auctor,
726 2121 839 2186 sororis
857 2132 1003 2207 nepotem
1020 2124 1053 2187 in
1070 2143 1184 2188 nomen
1202 2125 1361 2205 adscivit;

323 2228 417 2301 atque
438 2219 505 2295 ille,
533 2239 724 2302 quamquam
749 2226 894 2302 prompto
916 2217 956 2281 ad
978 2219 1187 2303 capessendos
1214 2219 1362 2286 honores

323 2313 419 2388 aditu,
437 2312 655 2376 Maecenatem
669 2311 842 2376 aemulatus
857 2311 923 2376 sine
937 2310 1088 2398 dignitate
1102 2313 1258 2378 senatoria
1272 2315 1362 2379 mul-

323 2415 372 2470 tos
395 2404 628 2489 triumphalium
650 2405 921 2491 consulariumque
943 2405 1082 2491 potentia
1103 2406 1224 2483 anteiit,
1248 2407 1362 2473 diver-

324 2521 377 2564 sus
396 2521 416 2562 a
433 2507 573 2562 veterum
586 2498 726 2562 instituto
744 2521 801 2583 per
814 2498 933 2563 cultum
951 2509 982 2562 et
999 2500 1176 2577 munditias,
1196 2500 1361 2585 copiaque

323 2602 353 2656 et
371 2591 532 2655 affluentia
548 2592 624 2654 luxu
646 2593 786 2678 propior3
811 2593 938 2658 suberat
959 2602 1063 2658 tamen
1081 2594 1171 2680 vigor
1189 2594 1288 2658 animi
1309 2597 1362 2660 in-

322 2685 469 2771 gentibus
491 2685 625 2772 negotiis
643 2693 713 2770 par,
738 2709 774 2750 eo
793 2686 894 2751 acrior
914 2708 977 2769 quo
996 2710 1140 2752 somnum
1158 2697 1189 2752 et
1205 2688 1360 2754 inertiam

322 2779 423 2865 magis
451 2777 640 2858 ostentabat3
671 2781 767 2866 igitur
792 2780 940 2844 incolumi
966 2780 1151 2846 Maecenate
1176 2783 1359 2867 proximus,

238 2937 245 2954 ,
322 2896 397 2938 mox
423 2873 608 2959 praecipuus
632 2875 682 2938 cui
709 2884 828 2940 secreta
849 2875 1071 2959 imperatorum
1093 2876 1300 2940 inniterentur
1325 2887 1360 2942 et

322 2967 525 3032 interficiendi
542 2967 688 3034 Postumi
710 2967 872 3054 Agrippae
895 2969 1055 3046 conscius,
1078 2979 1178 3034 aetate
1199 2981 1360 3054 provecta

323 3063 460 3148 speciem
478 3063 579 3150 magis
598 3063 631 3127 in
649 3063 785 3128 amicitia
801 3062 950 3148 principis
973 3084 1067 3146 quam
1085 3063 1149 3128 vim
1167 3062 1280 3128 tenuit:
1305 3064 1360 3128 id-

321 3177 382 3239 que
409 3167 441 3221 et
465 3155 643 3222 Maecenati
669 3157 837 3233 acciderat,
865 3155 930 3222 fato
955 3158 1113 3242 potentiae
1138 3179 1208 3222 raro
1234 3158 1359 3242 sempi-

321 3259 441 3327 ternae,
469 3273 510 3314 an
533 3251 627 3316 satias
650 3251 734 3335 capit
755 3259 810 3315 aut
831 3250 915 3327 illos,
943 3272 1015 3314 cum
1038 3250 1143 3316 omnia
1163 3249 1356 3329 tribuenmt,

321 3351 375 3406 aut
392 3342 464 3418 hos,
484 3363 556 3408 cum
573 3344 635 3406 iam
653 3343 731 3408 nihil
747 3343 901 3426 reliquum
920 3352 969 3408 est
986 3345 1071 3428 quod
1088 3343 1223 3429 cupiant.

270 3455 300 3502 31
386 3431 536 3517 Sequitur
557 3437 674 3500 Tuaen
696 3460 841 3515 ausuros,
868 3438 967 3503 Drusr
989 3461 1138 3502 saonunns
1161 3461 1355 3504 consensurus

319 3527 416 3613 patris
435 3537 528 3611 atque
545 3529 601 3592 filii
619 3530 751 3616 collegio
768 3531 916 3617 insignis3
939 3555 1012 3597 nam
1029 3531 1156 3597 biennio
1177 3542 1249 3596 ante
1269 3529 1356 3598 Ger-

320 3621 434 3686 manici
447 3643 519 3686 cum
533 3623 659 3688 Tiberio
673 3625 756 3688 idem
769 3625 869 3690 honor
880 3649 982 3710 neque
999 3637 1111 3712 patruo
1128 3627 1228 3691 laetus
1245 3648 1355 3710 neque
1455 3697 1464 3708 ,

319 3725 431 3781 natura
448 3725 512 3781 tarn
531 3739 689 3784 connexus
708 3718 819 3784 luerat.
843 3721 910 3785 eius
929 3721 1003 3784 anni
1019 3720 1172 3806 principio
1190 3719 1352 3798 Tiberius,

320 3812 411 3895 quasi
427 3811 598 3878 firmandae
616 3813 793 3892 valitudini,
816 3815 849 3878 in
869 3814 1076 3900 Campaniam
1094 3814 1262 3890 concessit,
1281 3813 1354 3878 lon-

319 3915 443 3990 gamat
465 3907 644 3972 continuam
666 3907 841 3974 absentiam
862 3908 1012 3994 paulatim
1035 3909 1205 3984 meditans,
1229 3907 1296 3972 sive
1315 3921 1352 3972 ut

320 4010 424 4064 amoto
446 4010 535 4086 patre
552 4003 679 4068 Dnrsus
702 4003 809 4068 mania
826 4003 1007 4068 consulatus
1027 4003 1113 4068 solus
1130 4002 1283 4088 impleret.
1311 4023 1352 4066 ac

319 4091 399 4157 sorte
416 4116 515 4179 parva
535 4119 585 4162 rcs
604 4119 754 4184 magnum
772 4097 813 4162 ad
835 4108 992 4162 certamen
1013 4119 1183 4184 progressa
1203 4094 1381 4182 praebuit·

319 4186 424 4252 iuveni
438 4191 597 4254 materiem
607 4192 767 4276 apiscendi
776 4191 907 4258 favoris:
921 4192 1082 4258 Domitius
1093 4191 1243 4269 Corbulo,
1257 4211 1350 4276 prae·
