3042 4956
356 443 417 512 176
588 429 592 437 ’
706 451 890 510 conuanu
904 453 1032 510 ntornr

1278 555 1298 586 ι.
1309 557 1332 588 ιι.
1343 548 1390 588 189.

353 617 387 682 in
405 612 602 680 Artabanum
620 609 808 688 fundebant,
827 619 968 677 materna
984 611 1104 698 origine
1121 611 1319 692 Arsaciden,
1338 637 1389 680 ce-

354 720 421 776 tera
442 709 639 795 degenerem.
668 705 825 771 Tiridates
847 727 914 770 rem
934 705 1157 772 Seleucensem
1178 707 1300 794 populo
1318 731 1388 794 per-

354 803 457 870 mittit
480 825 556 868 mox
572 799 753 866 consultans
767 821 904 884 quonam
918 800 968 866 die
987 801 1150 867 sollemnia
1166 802 1258 888 regni
1276 823 1387 888 capes-

354 908 449 975 seret,
467 897 585 962 litteras
603 893 748 960 Phraatis
767 903 798 958 et
815 891 975 972 Hieronis,
993 893 1048 978 qui
1063 894 1278 963 *validissimas
1295 917 1387 980 prae-

352 993 490 1060 fecturas
512 987 707 1066 obtinebant,
731 987 858 1072 accipit,
880 987 1009 1053 brevem
1031 1010 1151 1054 moram
1172 990 1385 1075 precantium3

352 1087 564 1174 placitumque
591 1082 725 1170 opperiri
753 1081 837 1147 viros
867 1083 1103 1168 praepollentis,
1135 1092 1229 1167 atque
1259 1082 1385 1150 interim

353 1179 537 1268 Ctesiphon,
557 1179 648 1244 sedes
661 1176 792 1264 imperii,
811 1176 922 1266 petita·
942 1177 998 1242 sed
1014 1177 1070 1242 ubi
1084 1177 1167 1242 diem
1185 1199 1226 1242 ex
1242 1177 1295 1242 die
1313 1199 1385 1264 pro·

352 1274 506 1352 latebant,
533 1272 640 1337 multis
666 1293 774 1338 coram
800 1279 832 1336 et
857 1269 1103 1380 adprobantibus
1131 1269 1256 1338 Surena
1281 1273 1384 1358 patrio

301 1375 333 1423 49
353 1390 439 1434 more
452 1365 636 1432 Tiridaten
627 1365 743 1451 insigni
755 1364 843 1473 regio
861 1365 989 1430 evinxit.
1012 1387 1050 1430 ao
1068 1364 1096 1430 si
1113 1365 1218 1432 statim
1236 1365 1385 1432 interiora

297 1440 534 1545 ‘⁴³'ceterasque
555 1459 697 1525 nationes
719 1458 896 1544 petivisset,
919 1480 1072 1546 oppressa
1093 1460 1308 1524 cunctantium
1326 1461 1384 1526 du-

350 1555 459 1621 bitatio
477 1563 509 1620 et
525 1575 634 1619 omnes
652 1553 685 1618 in
702 1575 801 1618 uuum
822 1551 989 1619 cedebant·
1011 1553 1185 1620 adsidendo
1207 1553 1382 1632 castellum,

349 1648 382 1713 in
399 1649 486 1733 quod
502 1647 668 1734 pecuniam
687 1655 718 1712 et
734 1647 870 1733 paelices
888 1645 1071 1713 Artabanus
1089 1647 1276 1726 contulerat,
1297 1647 1383 1714 dedit

350 1743 487 1828 spatium
508 1741 644 1808 exuendi
666 1751 772 1828 pacta3
795 1764 869 1806 nam
886 1739 1039 1808 Phraates
1062 1751 1093 1808 et
1110 1741 1210 1807 Hiero
1228 1752 1260 1806 et
1283 1742 1384 1827 siqui

342 1837 403 1904 alii
424 1837 580 1904 delectum
602 1835 755 1922 capiendo
776 1835 947 1904 diademati
968 1836 1051 1902 diem
1076 1837 1162 1902 haud
1184 1835 1384 1902 concelebra-

350 1941 472 2011 verant,
500 1954 573 2019 pars
595 1941 695 2009 metu,
723 1931 850 2016 quidam
877 1930 1026 1997 invidia
1016 1955 1050 1998 m
1070 1931 1300 2019 Abdagaesen,
1326 1932 1383 2016 qni

350 2038 418 2093 tum
435 2027 508 2094 aula
525 2036 557 2093 et
572 2047 655 2092 novo
672 2047 746 2113 rege
764 2025 951 2112 potiebatur,
971 2027 1012 2092 ad
1028 2025 1226 2092 Artabanum
1244 2035 1381 2105 vertere3

350 2123 440 2208 isque
458 2123 491 2188 in
504 2120 662 2208 Hyrcanis
680 2129 821 2206 repertus
838 2129 896 2199 est,
914 2119 1031 2187 inluvie
1044 2120 1165 2187 obsitus
1184 2129 1216 2186 et
1233 2109 1383 2186 alimenta

350 2239 425 2284 areu
443 2217 623 2303 expediens
646 2237 684 2282 ac
700 2215 815 2300 primo,
838 2223 999 2298 tamquam
1017 2215 1107 2281 dolus
1125 2224 1249 2302 pararet
1249 2237 1300 2293 ur,
1319 2223 1383 2279 ter·

350 2312 442 2388 ritus,
461 2310 515 2375 ubi
533 2310 607 2374 data
623 2308 702 2374 fides
720 2308 897 2374 reddendae
915 2309 1120 2376 dominationi
1136 2308 1276 2387 venisse,
1295 2307 1383 2374 adle-

349 2413 441 2468 vatur
466 2403 605 2468 animum
632 2411 664 2466 et
690 2424 771 2486 qnae
796 2403 962 2492 repentina
978 2403 1110 2469 mutatio
1136 2401 1285 2486 exquirit3
1313 2412 1383 2468 tum

350 2497 449 2561 Hiero
448 2496 632 2605 pueritiam
645 2494 817 2562 Tiridatis
808 2507 957 2583 rnorepat,
976 2519 1078 2582 neque
1091 2518 1188 2583 penes
1202 2495 1383 2564 Arsaciden

348 2575 526 2698 imperium,
550 2589 632 2654 sed
623 2611 716 2654 inane
733 2613 848 2654 nomen
865 2591 951 2676 apud
968 2590 1116 2657 inbellem
1133 2600 1262 2656 externa
1278 2590 1383 2656 molli·

298 2691 331 2738 50
349 2685 401 2762 tia,
420 2684 484 2748 vim
498 2684 530 2747 in
542 2682 744 2769 Abdagaesis
758 2685 862 2750 domo·
886 2687 986 2752 sensit
1002 2696 1093 2752 vetus
1110 2685 1263 2773 regnandi
1280 2684 1381 2751 falsos

293 2757 326 2802 (⁴⁴
327 2759 381 2843 ’in
399 2799 504 2844 amore
521 2778 594 2844 odia
611 2800 675 2843 non
691 2777 824 2865 fingere,
843 2801 902 2846 nec
921 2781 1001 2846 ultra
1018 2790 1171 2858 moratus,
1190 2802 1285 2864 quam
1303 2780 1382 2846 dnm

350 2871 549 2984 Scytharum
566 2872 682 2939 auxilia
708 2874 858 2953 conciret,
886 2875 989 2961 pergit
1014 2897 1166 2961 properus
1191 2883 1224 2940 et
1249 2895 1382 2961 praeve·

347 2967 437 3034 niens
464 2967 660 3034 inimicorum
686 2976 787 3045 astus,
816 2967 988 3034 amicorum
1012 2968 1249 3054 paenitentiam
1276 2989 1381 3052 neque

348 3073 477 3130 exuerat
493 3064 675 3150 paedorem,
694 3071 729 3129 ut
745 3063 876 3150 vulgum
893 3063 1091 3128 miseratione
1108 3063 1293 3130 adverteret
1317 3085 1381 3130 non

348 3159 449 3238 fraus,
472 3182 535 3224 non
552 3181 676 3246 preces,
700 3157 777 3224 nihil
795 3157 946 3224 omissum
963 3178 1026 3242 quo
1044 3154 1210 3244 ambiguos
1227 3156 1381 3235 inliceret,

347 3253 484 3340 prompti
504 3253 714 3331 firmarentur3
736 3253 862 3336 iamque
884 3251 982 3318 multa
1003 3272 1100 3317 manu
1120 3251 1298 3336 propinqua
1321 3247 1382 3318 Se·

347 3346 467 3410 leuciae
484 3346 687 3424 adventabat,
711 3368 783 3412 cum
802 3346 958 3412 Tiridates
982 3345 1075 3412 simul
1092 3345 1179 3410 foma
1196 3353 1290 3428 atque
1308 3343 1381 3431 ipso

346 3434 510 3500 Artabano
531 3441 697 3521 perculsus
719 3439 850 3504 distraln
868 3439 1020 3519 consiliis,
1043 3439 1102 3506 iret
1124 3447 1233 3505 contra
1253 3461 1295 3504 an
1313 3437 1381 3504 bel-

346 3530 412 3594 lum
438 3530 635 3596 annotatione
662 3540 817 3597 tractaret
852 3532 967 3618 quibus
997 3533 1151 3621 proelium
1177 3543 1209 3598 et
1238 3532 1379 3599 festinati

347 3645 440 3692 casus
461 3622 640 3710 placebant,
664 3624 811 3691 disiectos
830 3636 862 3691 et
881 3627 1109 3714 longinquitate
1132 3625 1251 3693 itineris
1274 3626 1379 3692 fessos

347 3741 386 3786 ne
405 3719 508 3785 animo
526 3717 654 3805 quidem
676 3719 752 3786 satis
771 3719 812 3785 ad
829 3720 1017 3806 obsequium
1035 3721 1189 3788 coaluisse
1208 3721 1378 3798 dissertant,

347 3815 520 3902 proditores
547 3836 647 3902 nuper
676 3813 847 3900 hostesque
872 3816 940 3884 eius
966 3838 1062 3900 quem
1087 3837 1213 3882 rursum
1239 3813 1378 3882 foveant.

347 3933 457 3977 varum
473 3910 682 3998 Abdagaeses
704 3909 944 3998 regrediendum
966 3911 1000 3978 in
1016 3909 1283 3996 Mesopotamiam
1306 3929 1380 3975 cen·

348 4006 451 4083 sabat,
469 4015 504 4072 nt
522 4028 614 4071 amne
632 4005 764 4084 obiecto,
783 4001 943 4071 Armeniis
960 4004 1085 4072 interim
1102 4002 1330 4089 Elymaeisque
1347 4011 1380 4067 et

347 4100 457 4164 ceteris
475 4123 494 4164 a
512 4109 601 4188 tergo
619 4101 742 4178 excitis,
762 4099 846 4166 aucti
863 4099 960 4186 copiis
978 4097 1147 4166 socialibus
1166 4107 1198 4164 et
1213 4117 1294 4180 quaa
1313 4095 1379 4160 dux

346 4191 508 4257 Romanus
522 4193 660 4260 misisset
672 4194 830 4260 fortunam
844 4203 1044 4282 temptarent:
1059 4215 1097 4262 ea
1106 4188 1377 4268 sententiavaluit,
