3020 4958
315 426 377 494 310
661 432 844 491 CORNELII
860 431 989 490 'rtem

1231 534 1252 564 a.
1262 535 1285 565 u.
1296 527 1344 568 81⁸.

313 619 366 664 ros
384 594 479 660 etiam
496 592 651 678 integros,
678 611 888 678 magnamque
905 599 1008 655 motae
1030 590 1075 655 rei
1098 589 1232 670 famam,
1260 616 1344 677 quae

313 689 483 776 plurimum
500 687 533 752 in
551 685 641 751 novis
660 684 798 752 consiliis
820 685 950 761 valeret3
977 683 1055 748 nihil
1076 685 1245 752 adversum
1263 687 1343 754 haec

313 782 431 850 Neroni
447 779 622 868 provisum3
641 779 735 844 etiam
747 777 845 844 fortes
863 777 946 844 viros
962 777 1073 844 subitis
1088 779 1204 856 terreri,
1223 781 1343 846 nedum

314 876 367 942 ille
385 875 542 951 scenicus,
561 871 717 960 Tigellino
735 872 854 938 scilicet
871 893 943 938 cum
964 871 1136 957 paelicibus
1159 873 1225 938 suis
1244 876 1343 940 comi-

314 979 410 1048 tante,
429 991 515 1035 arma
532 976 641 1032 contra
658 965 766 1045 cieret;
784 964 883 1032 multa
900 965 1090 1051 experiendo
1103 966 1239 1044 confieri,
1258 989 1342 1052 quae

315 1061 466 1150 segnibus
491 1055 589 1128 ardua
614 1061 792 1138 videantur3
819 1059 936 1126 frustra
958 1058 1116 1124 silentium
1138 1070 1169 1126 et
1190 1060 1287 1126 fidem
1308 1062 1342 1126 in

314 1166 360 1223 tot
386 1155 582 1224 consciorum
612 1155 724 1220 animis
755 1163 786 1220 et
816 1153 996 1240 corporibus
1023 1176 1162 1239 sperare3
1189 1157 1343 1222 cruciatui

315 1261 369 1318 aut
384 1249 524 1337 praemio
542 1260 654 1316 cuncta
669 1248 779 1335 pervia
796 1270 880 1326 esse;
903 1257 1051 1314 venturos
1069 1249 1123 1331 qui
1140 1249 1245 1334 ipsum
1263 1272 1344 1334 quo-

314 1367 376 1428 que
398 1344 563 1422 vincirent,
590 1353 748 1429 postremo
770 1342 899 1428 indigna
920 1363 998 1406 nece
1019 1341 1194 1408 afficerent:
1220 1354 1343 1427 quanto

313 1437 502 1506 laudabilius
520 1438 702 1523 periturum,
713 1437 789 1502 dum
797 1435 994 1521 amplectitur
1006 1458 1072 1501 rem
1085 1435 1252 1521 publicam,
1264 1437 1343 1502 dum

314 1533 431 1597 auxilia
446 1531 581 1598 libertati
598 1530 736 1598 invocati
756 1530 845 1596 miles
862 1530 967 1616 potius
982 1530 1106 1596 deesset
1119 1539 1150 1594 et
1163 1528 1271 1616 plebes
1286 1532 1344 1596 de-

315 1634 439 1701 sereret,
458 1625 534 1689 dum
550 1624 620 1709 ipse
637 1624 818 1702 maioribus,
837 1625 913 1689 dum
930 1623 1073 1709 posteris,
1097 1623 1124 1690 si
1141 1625 1206 1688 vita
1222 1626 1343 1710 praeri-

311 1728 451 1804 peretur,
473 1726 606 1784 mortem
624 1717 820 1802 adprobaret.
843 1717 992 1784 immotus
1010 1717 1059 1783 his
1078 1726 1109 1782 et
1124 1717 1289 1805 paululum
1307 1719 1342 1783 in

312 1810 439 1899 publico
457 1821 614 1889 versatus,
640 1820 713 1898 post
730 1811 816 1876 domi
834 1821 987 1889 secretus,
1015 1812 1153 1878 animum
1171 1812 1342 1878 adversum

315 1927 461 1991 suprema
478 1905 636 1984 firmabat,
664 1907 762 1970 donec
780 1929 891 1972 manus
909 1906 1043 1970 militum
1060 1905 1235 1984 adveniret,
1258 1927 1342 1989 quos

313 1999 398 2066 Nero
416 2000 532 2065 tirones
550 2008 604 2064 aut
622 1999 784 2085 stipendiis
801 2007 942 2064 recentes
961 1998 1132 2085 delegerat3
1155 2022 1229 2064 nam
1246 2009 1341 2066 vetus

315 2094 405 2160 miles
427 2094 596 2160 timebatur
617 2103 778 2178 tamquam
799 2093 906 2160 favore
928 2094 1067 2159 inbutus.
1095 2092 1172 2159 obiit
1198 2093 1342 2180 abruptis

315 2188 515 2254 brachiorum
533 2188 631 2254 venis.
651 2198 873 2254 testamentum
889 2187 991 2254 foedis
1013 2188 1164 2254 adversus
1181 2187 1341 2254 Neronem

315 2283 545 2349 adulationibus
564 2283 663 2348 amori
680 2283 786 2348 uxoris
805 2283 899 2359 dedit,
918 2303 1014 2366 quam
1028 2283 1215 2368 degenerem
1228 2292 1260 2347 et
1272 2285 1344 2350 sola

315 2376 453 2461 corporis
475 2374 577 2440 forma
599 2376 848 2442 commendatam
870 2375 961 2442 amici
983 2376 1180 2441 matrimonio
1202 2373 1344 2442 abstule-

314 2480 376 2547 rat;
399 2492 513 2536 nomen
534 2470 672 2536 mulieris
690 2469 783 2534 Atria
801 2468 907 2547 Galla,
930 2469 1025 2556 priori
1038 2484 1040 2488 ’
1051 2470 1161 2535 marito
1178 2469 1342 2537 Domitius

316 2561 416 2628 Silus:
435 2562 486 2626 hio
503 2562 661 2646 patientia,
680 2563 734 2627 illa
750 2563 933 2648 inpudicitia
945 2562 1071 2630 Pisonis
1089 2563 1252 2628 infamiam
1268 2586 1343 2651 pro-

313 2676 480 2741 pagavere.

264 2770 297 2816 60
378 2747 559 2814 Proximam
577 2769 687 2813 necem
703 2747 822 2814 Plautii
838 2751 999 2828 Laterani,
1018 2751 1155 2816 consulis
1173 2752 1341 2838 designati,

314 2841 397 2906 Nero
416 2840 566 2928 adiungit,
586 2842 665 2908 adeo
682 2865 814 2929 propere
827 2855 939 2910 utnon
952 2845 1116 2930 complecti
1132 2843 1258 2923 liberos,
1276 2869 1342 2912 non

314 2935 392 3000 illud
408 2933 502 3001 breve
521 2937 628 3004 mortis
651 2938 812 3004 arbitrium
834 2941 1033 3024 permitteret.
1060 2950 1168 3024 raptus
1185 2940 1220 3005 in
1235 2940 1341 3006 locum

315 3030 480 3096 servilibus
497 3032 607 3118 poenis
626 3032 797 3119 sepositum
814 3057 909 3098 manu
920 3032 1013 3099 Statii
1031 3033 1146 3100 tribuni
1159 3034 1341 3114 trucidatur,

315 3125 426 3211 plenus
446 3127 615 3195 constantis
631 3127 745 3196 silentii
758 3149 815 3196 nec
830 3127 954 3196 tribuno
968 3127 1106 3196 obiciens
1121 3129 1250 3196 eandem
1267 3151 1343 3196 con-

316 3222 487 3288 scientiam.

381 3315 531 3399 Sequitur
553 3320 664 3386 caedes
681 3319 809 3387 Musei
829 3319 983 3400 Senecae,
1006 3322 1179 3388 laetissima
1195 3323 1341 3409 principi,

315 3430 379 3471 non
404 3411 488 3491 quia.
506 3413 728 3478 coniurationis
754 3415 957 3482 manifestum
983 3426 1190 3503 compererat,
1222 3417 1280 3482 sed
1306 3429 1342 3482 ut

315 3500 398 3564 ferro
416 3515 620 3588 grassaretur,
639 3507 765 3589 quando
778 3531 934 3576 venenum
947 3533 1011 3577 nou
1024 3519 1234 3596 processerat3
1253 3510 1341 3576 solus

315 3595 431 3682 quippe
439 3594 559 3663 Natalis
570 3608 601 3663 et
609 3598 761 3666 hactenus
769 3605 932 3690 prompsit,
942 3606 1074 3670 missum
1084 3628 1118 3671 se
1127 3606 1168 3671 ad
1177 3615 1341 3693 aegrotum

318 3688 481 3770 Senecam,
500 3692 547 3758 uti
564 3693 679 3760 viseret
696 3709 997 3784 conquerereturque
1016 3721 1072 3766 cur
1085 3699 1235 3767 Pisonem
1253 3701 1341 3766 aditu

316 3795 446 3850 arceret:
463 3785 576 3853 melius
590 3788 667 3867 lore,
687 3789 715 3856 si
728 3792 897 3857 amicitiam
909 3793 1055 3859 familiari
1070 3815 1242 3881 congressu
1251 3816 1341 3860 exer-

272 3939 274 3944 .
316 3881 468 3959 cuissent3
503 3891 534 3947 et
559 3886 760 3970 respondisse
788 3886 942 3962 Senecam
968 3911 1128 3956 sermones
1155 3899 1281 3956 mutuos
1309 3899 1341 3954 et

315 3977 424 4042 crebra
441 3977 595 4062 colloquia
611 3981 714 4046 neutri
732 3983 919 4062 conducere;
938 3993 1077 4050 ceterum
1096 3983 1230 4050 salutem
1248 4005 1341 4048 suum

314 4068 525 4138 incolumitate
551 4071 677 4141 Pisonis
703 4075 803 4142 inniti.
830 4077 908 4144 haeo
928 4077 1010 4144 ferre
1033 4077 1155 4145 Gavius
1179 4075 1339 4156 Silvanus,

315 4161 458 4230 tribunus
479 4167 653 4250 praetoriae
675 4169 825 4250 cohortis,
850 4181 880 4240 et
902 4196 943 4240 an
964 4173 1048 4240 dicta
1070 4171 1192 4240 Natalis
1218 4193 1339 4256 suaquc
