2960 4962
320 439 379 504 166
660 445 844 504 conusnn
862 409 997 499 rsornr

1238 539 1337 576 audeo

317 609 494 696 opinionem
516 629 579 672 non
596 603 684 670 initia
705 604 816 682 nostri,
843 626 907 669 non
924 603 1034 680 finem,
1056 626 1119 667 non
1137 603 1273 687 denique
1291 605 1347 670 ho-

316 704 416 769 mines
439 702 488 767 dis
511 723 618 779 curae3
644 700 716 764 ideo
738 697 923 764 orebenime
945 696 1046 762 tristia
1067 698 1100 761 in
1121 697 1237 774 bonos,
1265 699 1346 764 laeta

317 796 401 882 apud
419 795 587 860 deteriores
606 815 690 870 esse3
714 801 822 856 contra
839 791 891 855 alii
908 789 1010 856 fatum
1028 792 1155 875 quidem
1173 813 1346 877 congruere

317 891 412 956 rebus
434 898 559 975 putant,
588 888 645 953 sed
661 908 725 952 non
747 908 764 952 e
786 886 876 972 vagis
896 885 1008 963 stellis,
1027 907 1137 950 verum
1159 887 1244 970 apud
1262 887 1347 971 prin·

318 986 400 1072 cipia
417 995 448 1050 et
464 1007 564 1049 nexus
583 983 770 1048 naturalium
788 1003 968 1058 causarum3
988 1003 1025 1046 ao
1043 989 1149 1046 tamen
1162 981 1346 1048 electionem

318 1081 401 1144 vitae
418 1078 509 1144 nobis
531 1078 724 1162 relinquunt,
749 1097 843 1160 quam
860 1074 915 1139 ubi
933 1075 1080 1160 elegeris,
1107 1084 1227 1139 certum
1244 1073 1348 1139 immi-

243 1221 246 1232 .
318 1173 460 1238 nentium
476 1172 632 1250 ordinem3
659 1191 761 1253 neque
778 1169 861 1234 mala
878 1167 929 1232 vel
945 1167 1029 1233 bona
1046 1190 1128 1252 quae
1149 1169 1267 1254 vulgus
1288 1191 1348 1254 pu-

319 1277 377 1332 tet:
403 1265 517 1332 multos
540 1267 594 1351 qui
612 1263 781 1330 conflictari
803 1262 943 1328 adversis
961 1263 1135 1340 videantur,
1162 1263 1289 1340 beatos,
1316 1273 1348 1326 at

318 1361 484 1447 plemsque
502 1381 693 1444 quamquam
710 1380 841 1444 magnas
859 1379 916 1442 per
933 1378 1010 1442 opes
1028 1356 1235 1434 miserrimos,
1259 1357 1287 1421 si
1304 1357 1347 1420 illi

318 1477 449 1540 gravem
467 1453 626 1518 fortunam
649 1461 829 1516 constanter
850 1449 995 1528 tolerent,
1022 1450 1225 1540 hiprospera
1240 1451 1348 1516 incon-

320 1547 400 1612 sulte
422 1556 557 1612 utantur.
585 1555 724 1610 ceterum
745 1545 888 1630 plurimis
910 1545 1089 1609 mortalium
1111 1567 1175 1610 non
1201 1544 1348 1626 eximitur

319 1640 394 1723 quin
411 1639 512 1725 primo
527 1638 678 1722 cuiusque
699 1648 770 1705 ortu
792 1647 922 1704 ventura
943 1639 1151 1718 destinentur3
1179 1637 1236 1703 sed
1252 1661 1348 1722 quae-

319 1735 392 1798 dam
411 1754 512 1812 secus,
532 1752 627 1817 quam
641 1734 725 1798 dicta¹
743 1734 814 1811 sint,
834 1734 954 1811 cadere,
973 1733 1105 1798 fallaciis
1119 1733 1230 1820 ignara
1242 1733 1349 1798 dicen-

320 1828 411 1893 tium:
438 1827 482 1894 ita
503 1827 660 1914 corrumpi
677 1827 772 1892 fidem
790 1828 880 1906 artis,
903 1827 992 1906 cuius
1011 1828 1094 1892 clara
1111 1828 1303 1891 documenta
1319 1835 1349 1890 et

287 1943 297 1969 ·
320 1921 449 2006 antiqua
475 1933 561 1988 actas
588 1933 619 1988 et
644 1931 751 1988 nostra
777 1923 891 1987 tulerit.
927 1923 1044 2008 quippe
1070 1921 1179 1987 atilio
1205 1922 1349 1986 eiusdem

321 2015 481 2083 Thrasulli
501 2017 697 2104 praedictum
717 2016 851 2082 Neronis
873 2017 1040 2102 imperium
1060 2017 1095 2080 in
1120 2025 1261 2102 tempore
1284 2037 1350 2081 me-

321 2111 501 2191 morabitur,
521 2135 561 2178 ne
578 2135 662 2178 nunc
678 2112 802 2197 incepto
819 2111 944 2196 longius
963 2109 1102 2176 abierim.
1223 2149 1234 2162 ι

272 2205 304 2252 29
387 2206 495 2272 Isdem
522 2206 703 2272 consulibus
725 2204 831 2270 Asinii
854 2202 940 2270 Galli
960 2227 1044 2270 mors
1066 2203 1226 2289 vulgatur,
1254 2225 1350 2286 quem

276 2273 310 2320 π)
324 2309 463 2384 egestate
481 2300 543 2364 cibi
560 2310 757 2385 peremptum
774 2299 860 2364 haud
877 2299 1022 2376 dubium,
1041 2308 1152 2383 sponte
1170 2297 1221 2361 vel
1239 2319 1351 2361 neces·

323 2393 423 2469 sitate,
442 2392 594 2456 incertum
612 2393 800 2472 habebatur3
820 2393 1044 2475 consultusque
1063 2391 1183 2457 Caesar
1200 2413 1241 2456 an
1259 2413 1350 2476 sepe-

321 2485 371 2549 liri
389 2484 512 2564 sineret,
530 2508 593 2551 non
611 2487 734 2552 erubuit
751 2488 929 2573 permittere
942 2487 1084 2569 ultroque
1097 2486 1241 2550 incusare
1255 2506 1350 2549 casus

322 2578 376 2660 qui
401 2600 489 2644 reum
516 2577 732 2656 abstulissent,
768 2589 937 2664 antequam
967 2601 1072 2644 coram
1098 2578 1349 2644 convinceretur:

323 2671 441 2736 scilicet
457 2671 561 2736 medio
580 2672 712 2737 triennio
730 2673 873 2738 defuerat
891 2684 1015 2759 tempus
1030 2671 1184 2738 subeundi
1196 2671 1350 2737 iudicium

323 2763 478 2839 consulari
496 2765 572 2843 seni,
591 2775 638 2831 tot
651 2765 861 2832 consularium
873 2768 1004 2853 parenti.
1026 2766 1153 2831 Drusus
1166 2765 1281 2830 deinde
1295 2787 1351 2830 ex-

323 2858 504 2945 stinguitur,
523 2881 595 2926 cum
614 2881 648 2926 se
666 2861 851 2926 miserandis
871 2859 1040 2939 alimentis,
1063 2859 1241 2930 mandendo
1259 2880 1277 2924 e
1296 2881 1351 2924 cu-

324 2953 379 3020 bili
388 2963 539 3034 tomento,
558 2979 676 3022 nonum
690 2957 731 3022 ad
743 2957 827 3020 diem
840 2957 1034 3022 detinuisset.
1053 2954 1206 3020 tradidere
1220 2952 1351 3038 quidam

323 3050 550 3136 praescriptum
568 3049 666 3118 fuisse
683 3049 841 3127 Macroni,
869 3050 896 3114 si
919 3073 1006 3114 arma
1023 3049 1063 3114 ab
1083 3046 1199 3114 Seiano
1217 3055 1352 3132 tempta-

324 3153 439 3223 rentur,
459 3154 632 3210 extractum
645 3146 805 3211 custodiae
822 3145 968 3209 iuvenem
981 3181 1022 3190 -
1035 3166 1110 3207 nam
1121 3143 1155 3206 in
1170 3141 1287 3227 palatio
1306 3151 1353 3204 at-

325 3238 481 3304 tinebatur
493 3277 535 3288 -
544 3241 658 3305 ducem
666 3240 782 3325 populo
791 3240 959 3324 imponere.
983 3260 1057 3303 mox
1069 3237 1144 3320 quia
1152 3235 1353 3301 rumorince-

323 3330 419 3395 debat
440 3331 508 3396 fore
533 3341 572 3396 ut
590 3355 671 3398 nuru
697 3354 735 3397 ac
761 3332 868 3418 nepoti
889 3331 1106 3397 conciliaretur
1125 3329 1258 3406 Caesar,
1281 3351 1351 3393 sac-

275 3426 307 3473 30
326 3422 433 3486 vitiam
459 3445 555 3505 quam
580 3425 804 3508 paenitentiam
831 3426 950 3491 maluit.
986 3425 1062 3510 quin
1091 3434 1123 3489 et
1148 3423 1291 3488 invectus
1318 3423 1352 3486 in

270 3491 312 3542 (²⁴)
326 3515 508 3580 defunctum
525 3517 640 3604 probra
657 3520 811 3604 corporis,
831 3519 1021 3586 exitiabilem
1037 3519 1071 3584 in
1089 3541 1173 3595 suos,
1192 3517 1351 3582 infensum

324 3609 535 3696 reipublicae
561 3612 700 3678 animum
722 3613 837 3679 obiecit
861 3614 1047 3698 recitarique
1074 3612 1227 3679 factorum
1254 3612 1353 3676 dicto·

237 3739 243 3746 ·
325 3727 457 3790 rumque
471 3706 537 3774 eius
556 3707 712 3793 descripta
728 3729 785 3793 per
802 3708 869 3773 dies
887 3708 992 3786 iussit3
1011 3731 1075 3792 quo
1092 3730 1155 3772 non
1173 3706 1259 3772 aliud
1271 3716 1351 3770 atro-

327 3803 393 3868 cius
411 3802 529 3869 visum:
552 3803 710 3869 adstitisse
728 3811 773 3868 tot
790 3824 848 3888 per
865 3825 963 3868 annos
982 3802 1037 3886 qui
1054 3802 1186 3879 vultum,
1205 3799 1352 3888 gemitus,

326 3895 482 3963 occultum
510 3898 603 3964 etiam
629 3919 769 3963 murmur
798 3897 989 3982 exciperent,
1025 3906 1057 3961 et
1085 3895 1227 3982 potuisse
1258 3915 1352 3957 avum

327 3991 448 4070 audire,
467 3991 585 4079 legere,
604 3993 636 4060 in
653 3992 814 4078 publicum
831 4013 987 4076 promere,
1005 3991 1061 4055 vix
1077 3989 1171 4066 fides,
1189 3987 1251 4052 nisi
1268 3984 1354 4070 quod

326 4083 408 4148 Attii
425 4088 614 4153 centurionis
633 4097 663 4154 et
675 4087 809 4172 Didymi
825 4084 929 4151 liberti
946 4083 1098 4172 epistulae
1117 4103 1279 4148 servorum
1296 4101 1354 4144 no-

326 4177 412 4242 mina
428 4180 659 4262 praeferebant,
677 4191 713 4246 ut
730 4181 800 4265 quis
818 4180 1029 4266 egredientem
1040 4177 1191 4245 cirbiculo
1209 4175 1351 4241 Drusum
