2960 4962
371 449 582 514 ANNALIUM
598 452 673 509 LIB.
686 453 741 508 111.
758 453 879 510 25-29.
1093 443 1137 510 93

140 556 157 594 p.
164 543 197 584 Ch.
206 545 234 584 lt.
1097 571 1103 580 .

138 604 237 698 positae
252 611 412 676 duodecim
435 609 574 687 tabulae,
597 609 669 674 finis
691 610 784 694 aequi
799 611 892 690 iuris3
914 635 987 678 nam
1009 623 1135 680 secutae

136 708 205 792 leges
220 707 274 772 etsi
290 705 458 789 aliquando
471 704 505 768 in
522 703 680 770 maleficos
693 727 734 769 cx
746 706 868 782 delicto,
888 708 1012 792 saepius
1031 719 1136 774 tamen

138 801 302 866 dissensione
316 801 461 865 ordinum
474 809 507 862 et
518 798 679 884 apiscendi
695 799 829 864 inlicitos
847 799 981 866 honores
999 811 1053 866 aut
1069 802 1136 887 pel·

137 895 201 959 lendi
222 895 318 960 claros
345 893 430 958 viros
457 892 580 975 aliaque
605 889 647 958 ob
668 915 765 978 prava
785 894 928 980 pervim
950 894 1031 960 latae
1053 906 1134 959 srmt.

137 988 191 1053 hinc
210 986 340 1054 Gracchi
362 996 395 1050 et
417 984 592 1062 Saturnini,
619 986 794 1052 turbatores
816 986 933 1073 plebis,
954 1009 1014 1052 neo
1035 989 1137 1052 minor

137 1081 238 1167 largitor
258 1081 383 1146 nomine
409 1089 537 1144 senatus
557 1078 701 1158 Drusns3
728 1082 866 1166 corrupti
888 1103 944 1166 spe
966 1091 1021 1147 aut
1041 1081 1136 1146 inlusi

136 1197 177 1260 per
189 1176 435 1241 intercessionem
453 1174 544 1251 socii3
567 1195 604 1239 ac
620 1197 661 1240 ne
678 1173 761 1239 bello
778 1176 906 1259 quidem
922 1175 1043 1248 Italico,
1062 1197 1137 1240 mox

137 1269 200 1334 civili
215 1269 375 1346 omissum,
394 1269 471 1351 quin
488 1268 587 1332 multa
603 1278 634 1332 et
651 1269 777 1334 diversa
794 1269 1013 1346 sciscerentur,
1036 1269 1136 1335 donec

134 1363 165 1426 L.
187 1361 268 1428 Sulla
287 1364 427 1427 ‘dictator
451 1361 576 1426 abolitis
602 1362 653 1426 vcl
679 1363 839 1427 conversis
864 1361 1035 1448 prioribus,
1063 1384 1135 1426 cum

133 1456 205 1540 plura
220 1457 402 1534 addidisset,
428 1456 527 1520 otium
544 1456 612 1520 eius
633 1456 679 1521 rei
696 1455 781 1520 haud
798 1457 831 1520 in
851 1457 982 1543 longum
1002 1457 1133 1542 paravit,

132 1551 218 1614 statim
245 1551 375 1616 turbidis
405 1550 524 1634 Lepidi
552 1549 767 1636 rogationibus
797 1572 900 1635 neque
934 1550 1033 1616 multo
1062 1559 1135 1635 post

130 1642 241 1708 tribunis
264 1644 387 1708 reddita
411 1643 549 1720 lieentia,
580 1664 707 1727 quoquo
732 1644 860 1722 vellent,
891 1645 1042 1730 populum
1067 1645 1135 1730 agi·

128 1738 208 1801 tandi.
235 1738 359 1821 iamque
384 1760 449 1802 non
470 1738 564 1802 modo
589 1738 623 1803 in
649 1760 826 1816 commune,
855 1740 911 1804 sed
936 1739 969 1804 in
991 1738 1133 1825 singulos

125 1830 250 1896 homines
262 1832 344 1896 latae
357 1830 571 1914 quaestioncs3
590 1841 622 1897 et
634 1831 868 1917 corruptissima
879 1854 913 1896 re
926 1831 1052 1918 publica
1064 1832 1135 1917 plu-

124 1924 208 1988 rimae
223 1925 318 2011 leges.

180 2018 256 2082 Tum
274 2019 333 2084 On.
352 2018 524 2104 Pompeius
547 2020 671 2085 tertium
694 2020 804 2086 consul
827 2019 1018 2106 corrigendis
1041 2019 1135 2083 mori-
1153 2039 1185 2087 28

121 2111 176 2176 bus
191 2113 324 2178 delectus
347 2122 378 2178 et
395 2114 521 2200 gravior
541 2115 687 2180 remediis
710 2136 806 2198 quam
823 2113 936 2181 delicta
958 2123 1045 2178 erant
1063 2135 1136 2177 sua·

120 2228 238 2289 rumque
266 2207 376 2292 legum
405 2218 513 2272 auctor
541 2208 625 2272 idem
651 2230 689 2273 no
716 2207 897 2284 subversor,
928 2229 1008 2290 quae
1039 2206 1133 2272 armis

120 2299 264 2378 tuebatur,
291 2301 386 2367 armis
413 2301 526 2366 amisit.
557 2303 629 2366 exin
652 2302 799 2366 continua
820 2319 877 2388 per
902 2301 1013 2388 viginti
1035 2323 1133 2366 annos

118 2393 276 2474 discordia;
298 2419 362 2460 non
383 2418 467 2473 moa,
489 2419 555 2460 non
576 2397 641 2474 ius;
663 2397 829 2461 deterrima
847 2417 988 2480 quaeque
1005 2396 1133 2482 inpune,

118 2510 153 2551 ac
175 2489 267 2555 multa
291 2490 425 2555 honesta
450 2490 545 2555 exitio
571 2490 668 2556 suere.
701 2501 790 2557 sexto
816 2491 943 2556 demum
968 2491 1134 2556 consulatu

118 2579 228 2647 Caesar
238 2582 417 2672 Augustus,
435 2585 592 2669 potentiae
611 2607 748 2662 securus,
767 2607 848 2669 quae
861 2585 1056 2650 triumviratu
1068 2585 1134 2650 ius-

118 2686 193 2740 serat
204 2677 337 2744 abolevit
351 2679 498 2761 deditque
512 2680 581 2743 iura
593 2680 663 2762 quis
677 2703 755 2764 pace
768 2691 800 2745 et
812 2680 951 2766 principe
964 2690 1132 2746 uteremur.
1156 2683 1158 2692 ’

116 2771 225 2836 acrima
246 2795 287 2836 ex
308 2795 347 2837 eo
369 2773 485 2850 vincla,
508 2773 599 2839 inditi
622 2775 766 2839 custodes
790 2785 821 2839 et
841 2775 913 2862 lege
930 2773 1031 2860 Papia
1047 2772 1134 2859 Pop-

115 2884 187 2946 paea
206 2866 353 2950 praemiis
375 2866 508 2945 inducti,
532 2877 580 2944 ut,
605 2868 633 2932 si
650 2891 670 2932 a
685 2868 857 2954 privilegiis
879 2880 1043 2952 parentum
1066 2888 1134 2930 ces-

116 2969 238 3042 saretur,
265 2959 353 3024 velut
373 2982 487 3045 parens
514 2962 655 3026 omnium
681 2963 817 3048 populus
840 2961 984 3026 vacantia
1005 2969 1132 3024 teneret.

115 3051 166 3114 sed
184 3053 277 3117 altius
299 3054 504 3139 penetrabant
530 3055 703 3139 urbemque
725 3065 757 3119 et
774 3054 900 3119 Italiam
922 3063 953 3117 et
974 3052 1060 3135 quod
1081 3074 1135 3115 us-

114 3164 200 3226 quam
216 3147 334 3211 oivium
352 3149 577 3233 corripuerant,
600 3149 831 3229 multorumque
850 3145 948 3210 excisi
966 3154 1080 3221 status3
1103 3153 1135 3208 et

114 3247 204 3306 terror
219 3241 368 3306 omnibus
385 3242 610 3320 intentabatur,
632 3243 667 3307 ni
685 3241 831 3306 Tiberius
850 3239 1016 3304 statuendo
1033 3259 1134 3303 reme·

115 3331 160 3396 dio
176 3336 313 3418 quinque
332 3336 557 3414 consularium,
576 3337 715 3420 quinque
733 3359 750 3402 e
768 3334 945 3422 praetoriis,
968 3333 1098 3399 totidem
1116 3355 1133 3398 e

114 3436 207 3494 cetero
224 3439 338 3495 senatu
356 3439 439 3494 sorte
456 3430 612 3509 duxisset,
637 3431 722 3516 apud
743 3452 822 3514 quos
841 3429 976 3496 exsoluti
992 3428 1133 3515 plerique

114 3516 182 3606 legis
199 3546 303 3588 nexus
321 3524 479 3588 modicum
495 3525 528 3589 in
545 3547 694 3610 praesens
712 3526 923 3590 levamentum
940 3525 1038 3610 fuere.

167 3616 337 3684 Paridem
359 3619 482 3704 tempus
502 3619 661 3684 Neronem
684 3641 701 3684 e
723 3619 829 3685 liberis
853 3617 1047 3695 Germanici,
1069 3618 1133 3682 iam
1152 3635 1183 3683 ao

114 3706 283 3794 ingressum
295 3712 464 3789 iuventam,
484 3713 714 3778 commendavit
725 3714 876 3798 patribus,
894 3722 992 3794 utque
1005 3731 1133 3774 munere

114 3804 291 3887 capessendi
311 3805 544 3892 vigintiviratus
561 3807 734 3873 solveretur
746 3802 782 3872 vet
798 3805 1011 3890 quinquennio
1033 3811 1135 3866 matu-

114 3894 284 3983 nusquam
304 3920 363 3984 per
377 3899 466 3985 leges
488 3911 688 3984 quaesturam
709 3908 842 3986 peteret,
865 3921 930 3962 non
951 3897 1018 3962 sine
1035 3895 1135 3960 inrisu

20 4061 21 4072 χ
114 3991 299 4058 audientium
319 3994 504 4078 postrdavit3
526 3995 750 4081 praetendebat
771 3992 832 4057 sibi
854 4003 948 4074 atquc
970 3989 1059 4054 fratri
1079 3989 1134 4054 de-

115 4095 187 4152 creta
203 4087 318 4161 eadem
330 4098 456 4172 petente
469 4086 629 4174 Augusto.
651 4087 710 4153 scd
726 4107 828 4170 neque
841 4095 909 4150 tum
926 4083 1026 4150 fuisse
1044 4083 1134 4150 dubi·

114 4183 235 4248 taverim
253 4182 309 4268 qui
326 4183 481 4250 eiusmodi
496 4205 607 4270 preces
629 4181 743 4249 occulti
760 4179 950 4246 inluderent:
973 4200 1011 4246 ac
1028 4187 1133 4246 tamen
