2958 4960
328 442 349 504 4
680 451 860 510 CORNELII
875 451 1003 508 TACl'l'l

329 608 387 662 rius
400 608 455 663 iter
470 607 589 662 simulat.
611 606 653 661 48.
662 605 704 662 49.
716 606 877 663 Germanici
887 607 970 662 minis
979 607 1069 662 territi
1079 608 1182 664 milites
1191 612 1353 668 turbatores

330 685 531 740 suoscaedunt.
545 683 716 738 bihfurorem
722 683 860 754 expiaturi
870 683 899 737 in
908 684 1102 739 hostemeunt.
1117 685 1205 740 Marsi
1217 689 1354 759 oppressi.

328 761 368 816 51.
381 760 537 815 Tanfanae
551 760 685 830 templum
705 760 834 814 dirutum.
853 760 971 815 insidiae
986 760 1015 814 in
1029 762 1122 817 reditu
1134 763 1240 819 irritae.
1258 763 1300 820 52.
1309 767 1354 821 Ti-

329 837 424 894 berius
446 837 568 908 maligne
587 836 687 891 laudat
705 837 911 892 Germanicum.
938 837 979 894 53.
994 838 1083 895 Iuliae
1106 857 1182 894 mors
1201 848 1231 896 et
1252 859 1354 898 moras.

331 915 478 970 Gracchus
493 931 600 970 caesus.
623 913 665 966 54.
676 913 967 986 sodalesAugustales
977 915 1168 973 instituuntur.
1187 918 1355 974 histrionum

329 992 438 1046 turbae.
886 1013 889 1020 ·

379 1068 421 1124 55.
430 1068 559 1123 Proximo
567 1083 641 1122 anno
656 1067 684 1120 in
691 1065 808 1120 Chattos
824 1085 966 1126 excursus.
984 1066 1136 1144 Arminius.
1151 1069 1296 1142 Segestes.
1313 1072 1355 1126 56.

330 1142 424 1200 Chatti
438 1145 590 1215 improviso
606 1143 750 1214 oppressi,
769 1143 900 1198 Mettium
913 1144 1068 1202 incensum.
1091 1147 1132 1203 67.
1144 1146 1293 1219 Segestem
1307 1150 1356 1204 ob-

330 1221 744 1277 sessumliberatGermanieus.
763 1220 1054 1294 uxorArminiieapta.
1072 1223 1356 1296 aabegestisoratio.

286 1299 291 1312 ⁹
330 1297 463 1368 Segestes
474 1314 535 1352 cum
546 1297 736 1368 suisbenigne
746 1297 868 1353 habitus.
892 1299 934 1353 59.
944 1300 1086 1356 Arminius
1101 1301 1131 1355 in
1141 1319 1205 1356 eum
1215 1302 1356 1358 66116666-

261 1387 264 1396 ·
328 1391 381 1428 666
391 1375 540 1428 invehitur.
559 1376 600 1428 60.
611 1373 746 1429 Cherusci
757 1374 860 1445 aliique
871 1377 969 1446 populi
979 1377 1128 1432 rebellant.
1146 1378 1278 1434 Bructeri
1288 1378 1355 1434 fusi.

329 1451 370 1504 61.
384 1456 564 1505 monumenta
579 1450 667 1504 cladis
681 1451 831 1506 Varianae.
855 1453 896 1506 62.
911 1454 1048 1525 reliquiae
1066 1455 1143 1509 illius
1157 1455 1247 1510 cladis
1264 1460 1356 1511 tumu-

329 1528 404 1582 latae
417 1528 595 1598 improbante
606 1527 731 1581 Tiberio.
755 1528 796 1583 63.
804 1547 902 1600 pugna
917 1547 979 1585 cum
988 1530 1124 1586 Arminio.
1147 1531 1189 1586 64.
1204 1531 1357 1588 Caecinam

329 1605 393 1658 loco
408 1603 504 1675 iniquo
520 1603 685 1674 aggreditur
698 1605 839 1660 Arminius
853 1607 1033 1678 intrepidum.
1055 1607 1097 1664 65.
1112 1607 1214 1664 milites
1230 1615 1357 1665 conster-

329 1680 396 1735 nati.
415 1679 554 1736 Caecinae
569 1681 706 1735 somnium
720 1681 882 1737 iufaustum.
905 1685 981 1739 eaesi
995 1702 1087 1755 paene
1096 1686 1226 1741 Romani.
1249 1687 1292 1740 66.
1306 1703 1357 1758 pa·

329 1756 408 1812 nicus
431 1761 523 1812 terror
544 1774 699 1827 repressus.
723 1758 763 1812 67.
784 1756 933 1814 consilium
952 1760 1090 1817 Caecinae
1110 1762 1145 1818 dc
1167 1778 1291 1818 recessu.
1314 1765 1357 1818 68.

329 1835 397 1890 felix
407 1835 524 1905 eruptio.
543 1833 748 1890 Germanorum
758 1835 861 1891 clades.
880 1837 1358 1910 6963666166666616666666Τί-

328 1911 437 1966 borium
448 1909 601 1966 offendunt.
625 1913 666 1967 70.
677 1912 805 1982 legiones
819 1919 902 1968 aestu
909 1915 994 1969 maris
1006 1933 1069 1970 cum
1077 1915 1205 1988 periculo
1215 1922 1358 1974 revertas.

329 1991 370 2045 71.
381 1988 540 2060 Segimerus
554 1987 583 2042 in
593 1988 765 2046 deditionem
780 1998 923 2062 aceeptus.
946 1993 1086 2048 exercitus
1097 1993 1200 2048 damna
1214 1994 1357 2064 suppleta.

213 2081 217 2088 ·
329 2067 370 2123 72.
381 2067 421 2121 73.
431 2065 538 2122 Tiberii
547 2065 614 2122 ficta
628 2067 776 2123 modestia.
794 2068 1006 2124 lanmaiestatis
1019 2076 1161 2126 revocata.
1180 2071 1357 2126 delationum

329 2144 417 2216 pestis
439 2143 552 2215 ingruit.
580 2143 620 2199 74.
635 2143 788 2199 Marcellus
806 2145 963 2201 maiestatis
986 2147 1156 2217 postulatus.
1182 2147 1213 2202 in
1230 2164 1295 2202 eum
1314 2148 1358 2204 ira

331 2220 439 2276 Tiberii
456 2219 603 2276 incautior.
631 2221 671 2275 76.
686 2221 793 2276 Tiberii
814 2223 979 2278 liberalitas.
1006 2224 1047 2279 76.
1067 2222 1180 2278 Tiberis
1198 2223 1357 2282 inundatio.

330 2298 439 2354 Achaia
457 2305 486 2353 et
502 2297 672 2354 Macedonia
689 2300 807 2356 levatae.
826 2301 913 2356 Drusi
927 2319 1036 2356 munus.
1063 2303 1104 2358 77.
1118 2302 1222 2357 theatri
1239 2302 1358 2359 licentia

330 2375 461 2430 coercita.
488 2377 529 2431 78.
542 2377 677 2446 templum
691 2375 820 2447 Augusti.
844 2379 1005 2435 centesima.
1033 2380 1074 2435 79.
1090 2380 1125 2434 de
1139 2379 1250 2435 Tiberis
1269 2397 1357 2435 exun-
1399 2433 1405 2446 .

330 2453 491 2508 dationibus
509 2452 615 2513 frustra
634 2454 833 2510 consultatum.
857 2457 898 2510 80.
913 2456 1045 2512 Tiberius
1063 2473 1114 2511 cur
1125 2457 1271 2527 praesides
1290 2475 1356 2514 raro

329 2530 449 2585 mutarit.
467 2531 508 2584 81.
520 2530 694 2585 comitiorum
705 2530 824 2586 confusa
833 2533 914 2588 ratio.

380 2608 460 2663 Haec
469 2608 529 2663 fere
538 2608 653 2663 biennio
664 2608 746 2680 gesta
753 2627 825 2664 coss.
837 2609 1043 2682 Sex.Pompeio
1054 2617 1084 2669 66
1093 2611 1148 2668 Sex
1156 2609 1288 2683 Apuleio,
1299 2613 1355 2670 Ne·

330 2702 398 2818 &file
409 2683 527 2816 Clppdip
532 2683 632 2816 1Igruso
642 2683 763 2742 Caesare
779 2691 808 2740 et
821 2685 851 2741 C.
861 2687 997 2744 Norbano
1012 2707 1038 2744 a.
1047 2705 1075 2744 6.
1086 2707 1109 2744 6.
1124 2689 1181 2744 767.
1196 2694 1226 2745 66
1239 2689 1312 2760 766,
1326 2707 1355 2761 p.

373 2781 395 2817 r.
405 2780 431 2817 6.
477 2778 509 2816 .e
567 2803 572 2816 .

299 2972 308 3016 1
394 2945 515 3011 Urbem
532 2945 666 3012 Romam
685 2970 704 3010 a
720 2946 872 3032 principio
895 2970 986 3036 reges
1004 2947 1155 3027 habuerc3
1179 2946 1355 3014 libertatem

329 3051 360 3107 ot
382 3041 578 3108 consulatum
599 3041 642 3107 L.
665 3040 782 3106 Brutus
805 3041 951 3121 instituit3
975 3043 1144 3108 dictaturae
1167 3043 1208 3108 ad
1230 3052 1354 3129 tempus

330 3137 544 3216 sumebantur3
567 3159 669 3221 neque
687 3137 901 3202 decemviralis
923 3146 1063 3222 potestas
1082 3137 1162 3204 ultra
1182 3135 1353 3214 biennium,

328 3254 429 3316 neque
452 3229 646 3296 tribunorum
668 3231 801 3299 militum
824 3233 986 3298 consulare
1007 3232 1057 3298 ius
1079 3232 1134 3296 diu
1155 3231 1267 3310 valuit3
1291 3255 1354 3298 non

330 3324 465 3400 Cinnae,
488 3347 552 3388 non
572 3323 679 3389 Sullae
701 3325 797 3412 longa
818 3326 1003 3405 dominati03
1027 3335 1058 3391 et
1075 3325 1208 3411 Pompei
1230 3323 1354 3391 Crassi·

328 3438 389 3500 quc
403 3417 541 3500 potentia
554 3417 614 3481 cito
632 3418 665 3480 in
680 3417 858 3496 Caesarem,
877 3421 992 3506 Lepidi
1011 3429 1104 3504 atque
1118 3418 1251 3484 Antonii
1268 3441 1355 3484 arma

329 3510 362 3574 in
375 3507 557 3596 Augustum
575 3531 707 3588 cessere,
726 3512 780 3595 qui
798 3524 911 3579 cuncta
925 3515 1088 3580 discordiis
1107 3513 1251 3594 civilibus
1269 3513 1355 3579 fessa

328 3603 453 3668 nomine
470 3602 618 3689 principis
639 3603 698 3670 sub
711 3606 876 3691 imperium
889 3609 1018 3694 aceepit.
1043 3607 1099 3674 sed
1116 3607 1229 3674 veteris
1247 3605 1353 3693 populi

328 3697 463 3763 Romani
476 3718 626 3784 prospera
644 3699 694 3764 vel
711 3700 843 3766 adversa
856 3701 947 3767 clan's
966 3701 1170 3787 scriptoribus
1184 3711 1354 3766 memorata

329 3802 415 3871 sunt3
434 3790 688 3877 temporibusque
701 3791 841 3880 Augusti
859 3795 998 3861 dicendis
1015 3818 1079 3861 non
1097 3795 1224 3860 defuere
1241 3795 1354 3859 deeora

328 3887 466 3973 ingenia,
486 3887 586 3952 donec
604 3887 754 3974 gliscente
777 3888 954 3955 adulatione
973 3890 1212 3955 deterrerentur:
1236 3887 1353 3954 Tiberii

329 3979 452 4066 Gaique
467 3993 498 4047 et
508 3981 632 4048 Claudii
641 4005 678 4048 66
687 3983 819 4049 Neronis
832 4007 883 4049 res
896 3984 1077 4052 florentibus
1090 3983 1167 4071 ipsis
1182 3982 1223 4049 ob
1236 3992 1353 4048 metum

328 4073 441 4152 falsae,
463 4086 630 4160 postquam
649 4077 839 4156 ceciderant,
862 4078 1039 4145 recentibus
1061 4078 1141 4144 odiis
1164 4077 1353 4164 compositae

329 4177 414 4240 sunt:
437 4168 509 4234 inde
532 4170 695 4260 eonsilium
718 4171 794 4237 mihi
811 4194 912 4258 [rauca
934 4174 973 4239 de
991 4171 1140 4260 Augusto
1162 4181 1194 4237 66
1216 4179 1352 4240 extrema
