3042 4956
432 450 640 509 ANNALIUM
657 451 730 508 LIB.
743 451 811 508 XII.
829 454 933 509 8-12.
1128 444 1193 510 203

164 556 185 595 p.
195 543 237 584 cu.
247 543 282 584 ss.

164 610 315 680 Gotarzis
338 609 492 676 nobilitati
512 608 659 695 plebique
680 611 768 675 iuxta
789 611 1013 678 intolerandam
1019 637 1028 691 3
1049 613 1113 678 iam
1129 613 1193 680 fra-

162 720 237 784 tres,
250 706 317 770 iam
324 704 526 790 propinquos,
541 704 604 769 iam
616 704 741 791 longius
756 705 832 771 sitos
846 704 994 771 caedibus
1008 707 1191 788 exhaustos;

162 801 245 867 adici
257 800 415 885 coniuges
429 799 586 886 gravidas,
604 799 718 865 liberos
735 823 860 886 parvos,
879 800 955 864 dum
973 822 1078 866 socors
1097 801 1191 881 domi,

162 895 253 961 bellis
276 889 434 958 infaustus
456 893 616 979 ignaviam
639 894 769 959 saeuitia
791 903 886 980 tegat.
913 903 1051 960 veterem
1074 895 1134 962 sibi
1155 919 1192 960 ac

161 989 290 1075 publice
303 996 447 1074 coeptam
460 986 624 1052 nobiscum
638 988 816 1067 amicitiam,
835 999 867 1052 et
880 987 1129 1054 subveniendum
1142 1012 1193 1054 so-

162 1084 218 1148 ciis
241 1083 359 1146 sirium
381 1081 511 1146 aemulis
535 1081 781 1165 cedentibusque
798 1105 855 1168 per
875 1083 1091 1148 reverentiam.
1119 1084 1191 1148 ideo

161 1200 274 1264 regum
288 1175 414 1241 obsides
427 1175 541 1240 liberos
555 1175 622 1239 dari
635 1184 678 1252 ut,
699 1175 726 1239 si
743 1176 906 1241 domestici
923 1177 1045 1262 imperii
1059 1177 1191 1254 taedeat,

162 1273 202 1337 sit
213 1291 380 1358 regressus
399 1271 439 1334 ad
455 1269 627 1355 principem
641 1279 818 1354 patresque,
837 1293 971 1356 quorum
989 1271 1127 1337 moribus
1141 1295 1192 1338 as-

162 1367 325 1432 suefactus
343 1388 399 1430 rex
416 1365 525 1430 melior
542 1365 777 1430 adscisceretur.

225 1460 295 1526 Ubi
305 1460 383 1524 haec
392 1470 485 1543 atque
495 1459 569 1524 talia
582 1460 798 1538 dissertavere,
812 1461 921 1547 incipit
929 1460 1100 1528 orationem
1109 1460 1191 1528 Cae·
1212 1483 1239 1530 11

162 1577 214 1620 sar
234 1556 277 1620 de
303 1553 431 1640 fastigio
453 1553 597 1618 Romano
619 1552 870 1639 Parthorumque
892 1555 1066 1640 obsequiis3
1093 1579 1189 1642 seque

160 1649 233 1714 divo
252 1647 403 1734 Augusto
421 1647 630 1731 adaequabat,
652 1649 785 1734 petitum
803 1651 843 1715 ab
861 1673 899 1716 eo
916 1674 1023 1738 regem
1039 1651 1188 1729 referens,

160 1743 280 1807 ouiissa
290 1740 409 1806 Tiberii
422 1741 580 1819 memoria,
595 1764 786 1826 quamquam
799 1744 826 1808 is
841 1767 966 1829 quoque
979 1746 1114 1812 miserat.
1134 1747 1190 1811 ad-

159 1837 239 1901 didit
256 1844 474 1921 praeccpta-
485 1835 597 1900 etenim
616 1837 723 1901 aderat
739 1837 992 1904 Meherdates-
1002 1849 1117 1904 utnon
1135 1841 1190 1906 do-

159 1930 365 1995 minationem
382 1937 413 1993 et
431 1951 537 1994 servos
556 1930 613 1994 sed
629 1941 781 1996 rectorem
799 1942 830 1996 et
847 1932 931 1997 cives
950 1932 1109 2017 cogitaret,
1129 1933 1191 1998 cle-

159 2024 373 2106 mentiamque
387 2045 424 2088 ac
437 2024 597 2101 iustitiam,
615 2036 732 2108 quanto
750 2026 860 2110 ignara
873 2024 1024 2102 barbaris,
1043 2035 1129 2090 tanto
1143 2036 1190 2090 to·

158 2117 307 2184 leratiora
319 2127 507 2202 capesseret.
525 2118 596 2183 hinc
610 2141 720 2184 versus
730 2118 901 2204 adlegatos
912 2118 1031 2183 extollit
1044 2117 1189 2184 laudibus

159 2212 324 2276 alumnum
341 2211 441 2290 urbis,
465 2222 623 2297 spectatae
644 2213 686 2277 ad
703 2213 735 2278 id
753 2213 939 2279 modestiae:
963 2233 1000 2276 ac
1022 2221 1126 2277 tamen
1143 2213 1190 2278 fe-

158 2307 258 2370 renda
274 2328 386 2392 regum
403 2306 538 2393 ingenia,
557 2329 659 2390 neque
673 2308 744 2372 usui
758 2306 883 2372 crebras
901 2305 1098 2372 mutationes.
1121 2329 1189 2372 rem

159 2398 338 2464 Romanam
350 2398 412 2464 huc
427 2401 568 2465 satietate
582 2400 699 2488 gloriae
712 2413 893 2487 provectam
907 2411 940 2466 ut
959 2401 1093 2468 externis
1112 2423 1190 2486 quo-

160 2514 222 2576 que
240 2489 387 2579 gentibus
405 2495 543 2578 quictem
561 2495 644 2560 velit.
668 2495 775 2562 datum
792 2496 925 2582 posthac
940 2493 977 2562 C.
994 2493 1116 2574 Cassio,
1135 2495 1189 2580 qui

162 2584 275 2672 Syriae
292 2597 448 2673 praeerat,
468 2588 621 2653 deducere
638 2589 784 2655 iuvenem
802 2590 902 2677 ripam
921 2590 961 2655 ad
978 2587 1160 2676 Euphratis.

223 2680 276 2746 Ea
293 2691 478 2766 tempestate
497 2681 629 2748 Cassius
648 2693 767 2750 ceteros
784 2681 1000 2771 praeminebat
1016 2684 1127 2770 peritia
1143 2684 1189 2750 le-
1209 2705 1238 2752 12

159 2797 252 2861 gum3
273 2797 348 2838 nam
368 2775 517 2840 militares
540 2786 622 2842 artes
645 2798 701 2862 per
722 2779 821 2843 otium
842 2779 981 2865 ignotae,
1004 2778 1188 2843 industrios-

160 2890 223 2952 que
247 2877 301 2931 aut
322 2868 454 2954 ignavos
476 2891 540 2954 pax
556 2869 590 2933 in
612 2892 712 2953 aequo
735 2880 828 2936 tenet.
856 2893 893 2934 ac
914 2879 1020 2934 tamen
1037 2880 1189 2953 quantum

160 2963 228 3026 sine
250 2960 333 3026 bello
355 2959 499 3040 dabatur,
526 2985 673 3028 revocare
694 2964 833 3050 priscum
858 2985 991 3038 morem,
1019 2964 1188 3028 exercitare

158 3055 315 3142 legiones,
333 3077 422 3133 cura,
443 3057 572 3141 provisu
589 3057 719 3143 perinde
736 3077 830 3142 agere
848 3077 884 3120 ac
903 3056 929 3119 si
946 3055 1046 3120 hostis
1064 3055 1188 3141 ingrue-

158 3161 220 3218 ret:
238 3151 284 3216 ita
300 3151 429 3237 dignum
448 3151 617 3216 maioribus
633 3151 699 3217 ruis
717 3161 749 3215 et
766 3149 885 3214 familia
899 3147 1013 3214 Cassia
1029 3160 1114 3212 ratam
1130 3169 1188 3233 per

158 3246 229 3310 illas
243 3267 367 3329 quoque
380 3255 490 3332 gentes
504 3246 669 3312 celebrata.
692 3246 788 3332 igitur
801 3243 910 3309 excitis
924 3265 1056 3327 quorum
1069 3242 1108 3307 de
1118 3265 1189 3307 sen-

158 3341 256 3405 tentia
272 3340 388 3425 petitus
406 3363 476 3418 rex,
498 3341 672 3426 positisque
694 3340 805 3405 castris
823 3339 907 3425 apud
925 3337 1082 3425 Zeugma,
1105 3337 1188 3402 unde

158 3435 295 3500 maxime
316 3435 444 3521 pervius
461 3436 576 3514 amnis,
599 3445 767 3521 postquam
789 3435 925 3500 illustres
943 3433 1053 3501 Parthi
1069 3455 1188 3518 rexque
1303 3519 1306 3528 .

160 3527 303 3594 Arabum
320 3528 467 3594 Acbarus
485 3530 667 3607 advenerat,
690 3539 795 3594 monet
811 3529 1019 3594 Meherdaten
1040 3527 1188 3594 barbaro·

157 3645 227 3689 rum
240 3623 377 3708 impetus
391 3645 479 3688 acres
492 3624 687 3689 cunctatione
699 3624 903 3710 languescere
916 3633 970 3689 aut
984 3624 1016 3687 in
1024 3621 1187 3708 perfidiam

158 3717 286 3781 mutari:
308 3717 352 3782 ita
369 3728 496 3804 urgeret
518 3733 637 3804 coepta.
665 3720 751 3802 quod
773 3730 911 3804 spretum
929 3717 1039 3782 fraude
1056 3713 1186 3792 Acbari,

158 3811 212 3893 qui
224 3811 372 3876 iuvenem
384 3811 530 3898 ignarum
548 3823 579 3876 et
597 3835 753 3878 summam
765 3814 924 3878 fortunam
941 3811 974 3874 in
990 3810 1067 3875 luxu
1084 3817 1186 3872 ratum

158 3904 273 3971 multos
296 3928 353 3991 per
374 3907 442 3972 dies
464 3907 591 3972 attinuit
611 3908 696 3992 apud
718 3907 868 3991 oppidum
885 3905 1056 3978 Edessam3
1079 3913 1110 3965 et.
1131 3921 1187 3966 vo-

157 4009 248 4064 cante
267 3998 392 4064 Carene
408 4010 632 4086 promptasque
650 4023 700 4066 res
719 4008 907 4074 ostentante,
927 3997 954 4062 si
972 3995 1025 4060 citi
1042 3993 1187 4059 advenis-

158 4103 236 4172 sent,
254 4116 320 4159 non
338 4094 513 4160 comminus
530 4093 808 4180 Mesopotamiam,
828 4090 885 4155 sed
901 4090 985 4154 flexu
1001 4086 1185 4154 Armeniam

158 4198 277 4270 petunt,
295 4188 331 4252 id
347 4189 496 4275 temporis
514 4189 722 4275 inportunam,
741 4185 817 4270 quia
832 4184 933 4250 hiems
951 4181 1132 4270 occipiebat.
