3042 4956
422 449 627 512 ANNALIUM
646 453 720 510 LIB.
736 453 787 509 Xl.
802 455 905 512 7-10.
1113 447 1176 514 185

143 557 163 596 p
174 544 216 586 ca
227 546 265 586 tt.

142 614 248 700 magis
272 635 369 704 quam
392 633 432 676 ex
453 635 514 676 usu
535 612 690 697 praesenti
713 633 879 692 accensus,
905 613 1070 700 inplicatur
1092 615 1176 684 obsi·

141 708 236 772 dione
256 707 346 773 urbis
366 706 487 770 validae
504 715 536 770 et
552 706 752 770 munimentis
775 706 888 772 obiecti
906 709 1007 772 amnis
1025 733 1175 795 muroque

141 811 172 865 ct
185 800 420 866 commeatibus
434 801 583 864 firmatae.
606 799 729 864 interim
745 797 898 866 Gotarzes
912 802 1077 868 Daharum
1090 805 1176 890 Hyr-

142 916 361 978 canorumque
375 893 487 979 opibus
501 902 611 957 auctus
625 893 742 959 bellum
755 904 884 959 renovat
898 906 1086 980 coactusque
1096 898 1177 964 Var-

141 990 242 1054 danes
258 990 402 1054 omittere
419 985 604 1066 Seleuciam,
622 988 807 1053 Bactrianos
826 991 910 1074 apud
928 1012 1055 1075 campos
1074 1001 1176 1058 castra

140 1084 287 1148 contulit.
959 1143 967 1164 ι

205 1178 304 1242 Tunc
322 1177 477 1242 distractis
497 1174 636 1243 Orientis
657 1175 773 1243 viribus
792 1187 976 1263 etquenam
993 1181 1176 1248 inclinarent
1194 1205 1209 1253 a

139 1271 286 1350 incertis,
307 1295 401 1337 casus
419 1271 596 1336 Mithridati
613 1271 705 1336 datus
724 1283 771 1337 est
789 1276 963 1359 occupandi
980 1274 1174 1356 Armeniam,

140 1366 172 1429 ri
189 1367 303 1432 militis
317 1367 453 1431 Romani
470 1367 512 1430 ad
529 1366 723 1432 excindenda
740 1368 938 1434 castellorum
956 1371 1062 1449 ardua,
1083 1373 1176 1438 simul

140 1458 267 1525 Hibero
292 1461 431 1524 exercitu
453 1483 581 1546 campos
607 1461 813 1546 persrdtaute3
843 1485 901 1527 nec
925 1464 1008 1528 enim
1029 1466 1175 1532 resistere

142 1553 309 1632 Amnii,
320 1555 402 1632 suso,
421 1555 475 1638 qui
492 1555 645 1640 proelium
664 1578 759 1620 ausus
778 1566 852 1635 erat,
871 1557 1067 1624 Demonacte
1084 1583 1175 1646 prae-

141 1646 237 1712 fecto.
260 1648 425 1733 paululum
443 1648 648 1713 cunctationis
667 1650 769 1714 attulit
785 1663 842 1714 rex'
859 1653 985 1717 minoris
1003 1651 1173 1720 Armeniae

144 1740 256 1827 Cotys,
276 1743 377 1807 versis
395 1743 469 1807 illuc
482 1742 670 1826 quibusdam
682 1766 860 1829 procerum3
879 1746 951 1812 dein
968 1747 1077 1813 litteris
1093 1748 1174 1814 Cae·

143 1837 223 1902 saris
246 1837 416 1914 coercitae,
444 1846 475 1902 et
497 1846 609 1902 cuncta
630 1837 663 1901 in
680 1837 885 1904 Mithridaten
906 1840 1037 1919 fluxere,
1064 1865 1175 1925 quam-

144 1952 237 2014 quam
254 1931 439 1995 atrociorem
462 1953 557 2014 quam
574 1953 658 1996 novo
675 1954 772 2017 regno
795 1934 991 1997 conduceret.
1015 1944 1047 1998 at
1064 1935 1174 1999 Parthi

142 2024 349 2109 imperatores
367 2047 438 2089 eum
451 2047 590 2110 pugnam
607 2035 761 2110 pararent,
780 2026 892 2090 foedus
910 2035 1036 2111 repente
1048 2028 1175 2112 saciant

144 2119 279 2203 cognitis
305 2117 503 2203 popularium
528 2118 664 2196 insidiis,
692 2141 771 2201 quas
796 2117 949 2184 Gotarzes
975 2120 1063 2183 fratri
1088 2130 1176 2204 pate·

143 2209 232 2290 fecit3
257 2213 481 2299 congressique
499 2212 600 2297 primo
617 2221 813 2290 cunctanter,
837 2213 908 2278 dein
927 2213 1081 2298 complexi
1099 2214 1176 2277 dex·

144 2314 207 2370 tras
225 2307 313 2392 apud
334 2307 443 2370 altaria
464 2307 557 2370 deum
578 2307 727 2393 pepigere
750 2306 892 2370 fraudem
909 2307 1106 2372 inimicorum
1128 2307 1176 2370 ul-

146 2400 221 2465 cisci
246 2410 342 2484 atque
367 2401 428 2486 ipsi
450 2401 530 2465 inter
552 2423 586 2465 se
613 2402 798 2480 concedere3
824 2403 987 2487 potiorque
1010 2401 1174 2466 Vardanes

144 2494 231 2560 risus
250 2497 412 2560 retinendo
429 2519 541 2582 regno:
564 2505 597 2560 at
615 2494 784 2576 Gotarzes,
806 2519 847 2562 ne
864 2499 940 2582 quid
957 2498 1173 2564 aemulationis

146 2591 308 2668 existeret,
331 2590 455 2676 penitus
476 2591 509 2654 in
532 2590 727 2677 Hyrcaniam
748 2592 833 2657 abiit.
864 2615 1071 2680 regressoque
1093 2592 1174 2658 Var-

146 2683 219 2749 dani
249 2684 374 2749 deditur
401 2683 546 2750 Seleucia
577 2687 709 2771 septimo
739 2696 811 2772 post
841 2688 1049 2754 defectionem
1081 2710 1172 2765 anno,

147 2799 208 2842 non
231 2779 299 2843 sine
322 2779 473 2844 dedecore
491 2779 693 2858 Parthorum,
716 2803 796 2864 quos
814 2803 878 2846 una
898 2783 1009 2847 civitas
1032 2781 1174 2846 tamdiu

145 2871 290 2938 eluserat.
314 2873 387 2937 exin
403 2873 612 2939 validissimas
630 2875 841 2960 praefecturas
859 2876 979 2939 invisit:
998 2885 1029 2940 et
1045 2897 1175 2960 recupe·
1194 2895 1226 2941 ro
1311 2955 1315 2962 ἱ

146 2988 213 3032 rare
230 2966 417 3032 Armeniam
435 2967 562 3044 avebat,
584 2969 618 3031 ni
635 2992 655 3032 a
672 2967 768 3033 Vibio
785 2968 909 3045 Marso,
930 2966 1041 3052 Syriae
1059 2968 1173 3052 legato,

147 3057 263 3126 bellum
284 3060 446 3126 minitante
469 3062 623 3128 cohibitus
646 3063 739 3132 soret,
763 3071 857 3145 atque
878 3062 1001 3125 interim
1020 3058 1174 3125 Gotarzes

147 3156 338 3238 paenitentia
363 3157 505 3220 concessi
530 3157 619 3242 regni
645 3165 676 3220 et
701 3165 833 3220 vocante
859 3154 1035 3229 nobilitate,
1067 3153 1117 3217 eui
1143 3153 1177 3216 in

147 3269 222 3332 paee
241 3249 350 3314 durius
365 3249 526 3313 servitium
543 3259 600 3327 est,
619 3249 773 3314 contrahit
789 3249 910 3334 copias3
929 3256 960 3312 et
976 3247 1050 3311 hinc
1068 3255 1177 3311 contra

148 3341 224 3408 itum
250 3343 293 3408 ad
318 3365 443 3408 amnem
467 3344 624 3422 Erinden3
651 3345 683 3408 in
702 3344 791 3408 cuius
818 3352 1017 3430 transgressu
1042 3342 1175 3406 multum

149 3447 263 3502 certato
290 3437 421 3522 pervicit
445 3438 624 3515 Vardanes,
654 3438 875 3523 prosperisque
903 3437 1029 3522 proeliis
1056 3437 1175 3502 medias

148 3532 289 3596 nationes
309 3531 433 3617 subegit
451 3534 493 3597 ad
509 3532 625 3596 flumen
641 3530 769 3610 Sinden,
788 3534 874 3617 quod
886 3533 997 3598 Dahas
1015 3531 1175 3617 Ariosque

148 3626 356 3692 disterminat:
370 3626 414 3692 ibi
426 3629 539 3691 modus
553 3627 647 3692 rebus
662 3629 808 3693 secundis
821 3629 957 3713 positus3
971 3649 1045 3692 nam
1055 3627 1174 3699 Parthi,

137 3743 337 3806 ⁴quamquam
359 3723 508 3799 victores,
530 3722 734 3808 longinquam
755 3723 897 3788 militiam
919 3719 1175 3806 aspamabantur.

147 3815 241 3902 igitur
258 3818 425 3882 exstructis
443 3817 656 3894 monimentis,
680 3817 794 3900 quibus
812 3837 888 3900 opes
908 3838 981 3878 suas
1003 3812 1177 3876 testabatur

148 3932 204 3974 nec
225 3910 374 3993 cuiquam
400 3922 473 3975 ante
495 3910 720 3975 Arsacidarum
742 3910 858 3974 tributa
883 3909 944 3972 illis
967 3907 1006 3970 de
1028 3904 1175 3992 gentibus

147 4015 247 4087 parta,
271 4005 446 4090 regreditur
466 4006 578 4091 ingens
600 4005 701 4090 gloria
722 4015 816 4086 atque
839 4025 877 4066 eo
899 4000 1033 4064 ferocior
1048 4009 1081 4064 et
1102 3998 1177 4063 sub-

148 4097 234 4163 iectis
251 4099 480 4178 intolerantiam
502 4100 558 4183 qui
578 4099 650 4164 dolo
668 4106 740 4162 ante
762 4095 923 4181 conposito
946 4094 1105 4158 incautum
1122 4115 1176 4157 vo

148 4193 327 4277 rationique
349 4193 503 4260 intentum
525 4194 722 4271 interfecere,
748 4191 882 4277 primam
903 4190 985 4255 intra
1005 4188 1174 4267 iuventam,
