3020 4958
305 457 368 524 322
655 463 839 523 CORNELII
853 461 985 520 TACITI

1167 561 1187 591 ι.
1197 563 1219 592 u.
1229 553 1276 592 us.
1286 554 1333 594 e1a

303 647 375 692 mus
384 633 416 690 ct
424 623 533 690 Veteri
541 643 605 688 non
614 621 734 688 alienus
748 620 860 698 fuerat,
878 641 962 703 aqua
974 627 1068 703 atque
1077 618 1143 706 igni
1156 619 1335 704 prohibitus

305 729 362 786 est.
380 718 493 785 liberto
506 727 538 782 et
556 716 731 782 accusatori
743 714 918 800 praemium
931 735 1045 798 operae
1057 712 1146 778 locus
1159 712 1193 776 in
1211 713 1336 778 theatro

304 815 385 878 inter
397 813 532 877 viatores
546 809 727 876 tribunicios
741 810 841 872 datur.
860 817 891 873 et
904 808 1021 871 mensis
1036 807 1090 890 qui
1099 805 1243 891 Aprilem
1257 828 1335 870 cun-

306 909 440 991 demque
449 905 628 970 Neroneum
638 901 836 987 sequebatur,
846 900 964 979 Maius,
981 899 1117 977 Claudii,
1127 900 1239 964 Iunius
1251 897 1334 965 Ger-

306 1001 421 1066 manici
433 999 595 1066 vocabulis
609 1007 778 1075 mutantur,
797 997 983 1061 testificante
993 994 1140 1062 Cornelio
1151 993 1265 1072 Orfito,
1280 996 1336 1078 qui

305 1095 339 1161 id
356 1103 529 1172 censuerat,
546 1093 754 1158 ideolunium
771 1113 912 1156 mensem
931 1090 1158 1166 transmissum,
1178 1090 1253 1173 quia
1271 1089 1336 1153 duo

306 1191 369 1255 iam
378 1188 529 1273 Torquati
543 1187 583 1253 ob
598 1187 716 1253 scelera
728 1185 882 1251 interfecti
894 1184 1069 1250 infaustum
1082 1204 1197 1249 nomen
1207 1183 1337 1248 Iunium

306 1283 466 1348 fecissent.

257 1395 289 1444 1³
371 1376 435 1442 Tot
450 1373 643 1441 facinoribus
657 1374 785 1440 foedum
799 1395 915 1438 annum
930 1372 1023 1438 etiam
1038 1372 1082 1436 dii
1096 1369 1336 1456 tempestatibus

307 1479 338 1534 et
350 1467 467 1534 morbis
480 1469 685 1556 insignivere:
703 1475 826 1533 vastata
835 1466 1010 1552 Campania
1022 1465 1145 1533 turbine
1158 1473 1336 1541 ventorum,

307 1563 361 1646 qui
378 1562 478 1639 villas,
497 1562 634 1638 arbusta,
658 1561 767 1648 fruges
785 1560 904 1646 passim
922 1559 1045 1624 disiecit
1060 1558 1249 1644 pertulitque
1267 1558 1337 1622 vio-

306 1655 432 1720 lentiam
452 1655 493 1719 ad
509 1655 612 1720 vicina
629 1654 714 1733 urbi;
732 1656 765 1720 iu
782 1678 845 1739 qua
864 1677 956 1720 omne
973 1654 1151 1719 mortalium
1169 1675 1271 1739 genus
1286 1653 1336 1717 vis

306 1748 501 1834 pestilentiae
527 1748 790 1835 depopulabatur,
817 1749 904 1814 nulla
930 1749 1008 1814 caeli
1029 1747 1226 1832 intemperie,
1253 1769 1337 1831 quac

307 1853 482 1907 occurreret
499 1842 614 1920 oculis3
639 1842 695 1908 sed
712 1843 824 1908 domus
843 1843 1025 1929 corporibus
1044 1841 1205 1918 exanimis,
1223 1840 1338 1906 itinera

307 1933 470 2001 funeribus
485 1935 734 2023 complebantur3
751 1959 816 2002 non
829 1959 934 2015 sexus,
953 1960 1016 2002 non
1029 1945 1115 2002 aetas
1129 1935 1268 2021 periculo
1281 1959 1338 2000 va-

308 2053 382 2107 cua3
397 2030 524 2095 servitia
532 2030 661 2115 perinde
671 2041 702 2095 et
710 2031 847 2116 ingenua
855 2031 963 2116 plebes
972 2030 1085 2116 raptim
1095 2030 1246 2115 extingui,
1256 2029 1338 2093 inter

309 2123 478 2209 coniugum
491 2133 523 2188 et
534 2123 703 2189 liberorum
712 2124 857 2200 lamenta,
876 2124 1014 2207 quidum
1025 2124 1173 2201 assident,
1192 2124 1268 2186 dum
1282 2123 1338 2187 de-

308 2218 393 2294 flent,
407 2239 506 2302 ‘saepe
524 2218 635 2282 eodem
652 2240 730 2304 rogo
743 2216 969 2283 cremabantur.
988 2217 1129 2301 equitum
1143 2225 1339 2282 senatorum-

308 2333 370 2394 que
383 2311 535 2388 interitus,
550 2311 693 2394 quamvis
707 2310 887 2397 promiscui,
901 2311 1004 2375 minus
1018 2310 1138 2376 flebiles
1148 2318 1246 2387 erant,
1256 2319 1339 2374 tam-

309 2427 404 2488 quam
413 2405 570 2469 oommuni
579 2405 765 2470 mortalitate
780 2405 942 2470 saevitiam
950 2404 1099 2491 principis
1108 2404 1336 2490 praevenirent.

367 2497 492 2561 Eodem
501 2520 582 2562 anno
592 2498 724 2563 dilectus
733 2521 789 2584 per
795 2496 1339 2564 GalliamNarbonensemAfrieam-

308 2611 369 2672 que
387 2600 419 2653 et
426 2588 540 2654 Asiam
553 2589 652 2656 habiti
666 2602 739 2658 sunt
753 2593 935 2676 supplendis
944 2593 1076 2678 Illyricis
1089 2591 1277 2678 legionibus,
1297 2613 1339 2658 ex

308 2680 422 2765 quibus
441 2689 541 2745 aetate
558 2691 613 2745 aut
627 2683 805 2748 valetudine
819 2685 897 2750 fessi
912 2695 1106 2751 sacramento
1124 2683 1338 2750 solvebantur.

309 2773 430 2839 cladem
438 2774 689 2860 Lugdunensem
703 2778 892 2864 quadragies
906 2780 1048 2845 sestertio
1058 2779 1176 2845 solatus
1190 2788 1237 2843 est
1250 2779 1339 2864 prin-

309 2889 395 2954 ceps,
413 2877 449 2932 ut
466 2868 583 2934 amissa
599 2868 671 2934 urbi
688 2884 888 2957 reponerent3
907 2895 1001 2957 quam
1019 2873 1184 2958 pecuniam
1201 2873 1339 2958 Lugdu-

308 2984 422 3028 nenses
440 2972 511 3028 ante
529 2962 706 3030 obtulerant
723 2966 809 3032 urbis
828 2966 963 3032 casibus.

260 3067 291 3124 14
375 3056 413 3123 (l.
425 3055 589 3138 Sunmmo,
608 3059 725 3126 Lucem
741 3058 893 3126 Transmo
912 3060 1093 3126 consulibus
1102 3059 1260 3126 Antistius
1277 3057 1340 3125 So·

310 3152 427 3230 sianus,
441 3151 589 3216 factitatis
598 3152 632 3216 iu
640 3151 798 3218 Neronem
807 3153 996 3218 carminibus
1009 3153 1169 3239 probrosis
1179 3153 1284 3230 exibe,
1302 3163 1340 3216 ut

310 3246 385 3323 dixi,
398 3245 557 3322 multatus,
571 3255 740 3330 postquam
748 3247 782 3312 id
791 3247 917 3312 honoris
927 3247 1083 3313 indicibus
1093 3257 1219 3330 tamque
1233 3268 1340 3332 prom·-

307 3347 399 3423 ptum
408 3339 449 3402 ad
458 3339 570 3403 caedes
583 3339 756 3425 principem
765 3341 895 3428 aceepit,
908 3341 1031 3424 inquies
1045 3341 1150 3405 animo
1158 3349 1190 3405 ct
1198 3339 1340 3405 occasio-

309 3451 386 3493 num
395 3430 480 3494 haud
489 3432 596 3516 segnis
605 3431 821 3515 Pammenem,
837 3434 978 3502 eiusdem
990 3434 1052 3500 loci
1062 3434 1186 3500 exulem
1199 3442 1231 3498 et
1241 3431 1339 3498 Chal-

310 3523 459 3588 daeorum
472 3531 538 3587 arte
551 3524 710 3590 famosum
724 3549 824 3611 eoque
838 3529 1007 3595 multorum
1016 3528 1161 3594 amicitiis
1174 3528 1336 3604 innexum,

311 3617 512 3683 similitudine
520 3616 664 3684 fortunae
673 3619 733 3686 sibi
743 3622 896 3687 conciliat.
915 3623 1066 3688 ventitare
1075 3623 1116 3688 ad
1129 3643 1202 3686 eum
1210 3620 1337 3686 nuntios

311 3723 342 3778 et
352 3713 593 3780 consultationes
607 3737 670 3780 non
678 3715 796 3780 frustra
804 3726 900 3794 ratus,
920 3705 1013 3782 siniul
1026 3739 1163 3782 annuam
1171 3715 1338 3801 pecuniam

311 3805 496 3872 aP.Antei0
505 3808 673 3874 ministrari
680 3809 968 3896 cognoscit3ueque
976 3810 1118 3876 nescium
1127 3807 1339 3874 babebatAn·

311 3900 407 3965 teium
429 3901 557 3967 caritate
574 3901 771 3990 Agrippinae
793 3905 930 3970 invisum
952 3905 1084 3982 Neroni,
1108 3923 1246 3989 opesque
1268 3903 1338 3966 eius

310 3997 494 4081 praecipuas
504 3997 544 4062 ad
553 3997 737 4063 eliciendam
745 3998 932 4084 cupidinem,
951 4019 1083 4083 eamque
1093 4019 1221 4062 causam
1230 3994 1337 4059 multis
1404 3997 1408 4004 '

311 4089 406 4154 exitio
416 4113 496 4156 esse.
514 4091 611 4178 igitur
618 4093 798 4178 interceptis
808 4094 918 4159 Anteii
930 4093 1051 4170 litteris,
1065 4092 1188 4156 furatus
1198 4089 1292 4154 etiam
1301 4088 1337 4152 li-

311 4178 409 4245 bellos
419 4182 532 4265 quibus
542 4186 609 4251 dies
620 4186 764 4272 genitalis
774 4186 841 4252 cius
855 4196 887 4253 ct
895 4197 1045 4253 eventura
1053 4184 1181 4251 secretis
1190 4182 1338 4248 Pamme-

311 4272 360 4342 uis
370 4275 614 4356 occultabantur,
625 4280 717 4345 simul
726 4281 856 4364 repertis
866 4303 946 4365 quae
956 4281 995 4348 dc
1005 4289 1075 4347 ortu
1083 4273 1338 4362 vitaqucOstorii
