<?xml version="1.0" encoding="UTF-8"?>
<!DOCTYPE html PUBLIC "-//W3C//DTD XHTML 1.0 Transitional//EN"
    "http://www.w3.org/TR/xhtml1/DTD/xhtml1-transitional.dtd">
<html xmlns="http://www.w3.org/1999/xhtml" xml:lang="en" lang="en">
 <head>
  <title>
</title>
<meta http-equiv="Content-Type" content="text/html;charset=utf-8" />
  <meta name='ocr-system' content='tesseract 3.04.00' />
  <meta name='ocr-capabilities' content='ocr_page ocr_carea ocr_par ocr_line ocrx_word'/>
</head>
<body>
  <div class='ocr_page' id='page_1' title='image "./corneliitacitio00haasgoog_0335.png"; bbox 0 0 3020 4958; ppageno 0'>
   <div class='ocr_carea' id='block_1_1' title="bbox 241 359 1020 468">
    <p class='ocr_par' dir='ltr' id='par_1_1' title="bbox 241 359 1020 468">
     <span class='ocr_line' id='line_1_1' title="bbox 241 359 1020 468; baseline -0.009 -1"><span class='ocrx_word' id='word_1_1' title='bbox 241 359 247 368; x_wconf 90' lang='lat'>·</span> <span class='ocrx_word' id='word_1_2' title='bbox 340 400 402 466; x_wconf 79' lang='lat'>258</span> <span class='ocrx_word' id='word_1_3' title='bbox 423 455 429 468; x_wconf 88' lang='lat'>.</span> <span class='ocrx_word' id='word_1_4' title='bbox 691 405 874 462; x_wconf 81' lang='lat' dir='ltr'><strong>CORNELII</strong></span> <span class='ocrx_word' id='word_1_5' title='bbox 889 404 1020 460; x_wconf 82' lang='lat' dir='ltr'>TACITI</span> 
     </span>
    </p>
   </div>
   <div class='ocr_carea' id='block_1_2' title="bbox 339 499 1370 640">
    <p class='ocr_par' dir='ltr' id='par_1_2' title="bbox 339 499 1370 640">
     <span class='ocr_line' id='line_1_2' title="bbox 1261 499 1370 540; baseline 0.028 -3"><span class='ocrx_word' id='word_1_6' title='bbox 1261 507 1281 537; x_wconf 84' lang='lat' dir='ltr'>a.</span> <span class='ocrx_word' id='word_1_7' title='bbox 1293 499 1370 540; x_wconf 76' lang='lat' dir='ltr'>n.812</span> 
     </span>
     <span class='ocr_line' id='line_1_3' title="bbox 339 561 1370 640; baseline -0.005 -5"><span class='ocrx_word' id='word_1_8' title='bbox 339 561 436 634; x_wconf 68' lang='lat' dir='ltr'>restr&#39;e</span> <span class='ocrx_word' id='word_1_9' title='bbox 454 565 739 632; x_wconf 61' lang='lat' dir='ltr'>machinamentum</span> <span class='ocrx_word' id='word_1_10' title='bbox 757 561 953 640; x_wconf 75' lang='lat' dir='ltr'>concidisset,</span> <span class='ocrx_word' id='word_1_11' title='bbox 971 561 1142 627; x_wconf 66' lang='lat' dir='ltr'>observans</span> <span class='ocrx_word' id='word_1_12' title='bbox 1160 565 1257 629; x_wconf 87' lang='lat' dir='ltr'>etiam</span> <span class='ocrx_word' id='word_1_13' title='bbox 1270 565 1370 631; x_wconf 87' lang='lat' dir='ltr'>Acer-</span> 
     </span>
    </p>
   </div>
   <div class='ocr_carea' id='block_1_3' title="bbox 296 655 1392 4224">
    <p class='ocr_par' dir='ltr' id='par_1_3' title="bbox 338 655 1375 1493">
     <span class='ocr_line' id='line_1_4' title="bbox 339 655 1364 742; baseline -0.004 -14"><span class='ocrx_word' id='word_1_14' title='bbox 339 663 445 728; x_wconf 88' lang='lat' dir='ltr'>roniae</span> <span class='ocrx_word' id='word_1_15' title='bbox 467 681 590 735; x_wconf 85' lang='lat' dir='ltr'>necem,</span> <span class='ocrx_word' id='word_1_16' title='bbox 614 656 707 721; x_wconf 89' lang='lat' dir='ltr'>simul</span> <span class='ocrx_word' id='word_1_17' title='bbox 729 679 820 721; x_wconf 87' lang='lat' dir='ltr'>suurn</span> <span class='ocrx_word' id='word_1_18' title='bbox 839 655 952 720; x_wconf 84' lang='lat' dir='ltr'>vulnus</span> <span class='ocrx_word' id='word_1_19' title='bbox 975 656 1144 742; x_wconf 72' lang='lat' dir='ltr'>aspiciens:</span> <span class='ocrx_word' id='word_1_20' title='bbox 1168 658 1273 723; x_wconf 91' lang='lat' dir='ltr'>solum</span> <span class='ocrx_word' id='word_1_21' title='bbox 1296 661 1364 724; x_wconf 83' lang='lat' dir='ltr'>insi</span> 
     </span>
     <span class='ocr_line' id='line_1_5' title="bbox 340 748 1372 837; baseline -0.002 -17"><span class='ocrx_word' id='word_1_22' title='bbox 340 758 463 821; x_wconf 88' lang='lat' dir='ltr'>diarum</span> <span class='ocrx_word' id='word_1_23' title='bbox 485 751 658 818; x_wconf 89' lang='lat' dir='ltr'>remedium</span> <span class='ocrx_word' id='word_1_24' title='bbox 680 769 764 826; x_wconf 86' lang='lat' dir='ltr'>esse,</span> <span class='ocrx_word' id='word_1_25' title='bbox 793 749 819 814; x_wconf 90' lang='lat' dir='ltr'>si</span> <span class='ocrx_word' id='word_1_26' title='bbox 836 771 902 812; x_wconf 91' lang='lat' dir='ltr'>non</span> <span class='ocrx_word' id='word_1_27' title='bbox 926 748 1193 836; x_wconf 82' lang='lat' dir='ltr'>intellegerentur:</span> <span class='ocrx_word' id='word_1_28' title='bbox 1220 753 1372 837; x_wconf 77' lang='lat' dir='ltr'>misitque</span> 
     </span>
     <span class='ocr_line' id='line_1_6' title="bbox 340 841 1373 932; baseline -0.002 -18"><span class='ocrx_word' id='word_1_29' title='bbox 340 850 484 915; x_wconf 87' lang='lat' dir='ltr'>libertum</span> <span class='ocrx_word' id='word_1_30' title='bbox 506 845 696 932; x_wconf 83' lang='lat' dir='ltr'>Agerinum,</span> <span class='ocrx_word' id='word_1_31' title='bbox 719 843 773 926; x_wconf 91' lang='lat' dir='ltr'>qui</span> <span class='ocrx_word' id='word_1_32' title='bbox 794 843 950 908; x_wconf 83' lang='lat' dir='ltr'>nuntiaret</span> <span class='ocrx_word' id='word_1_33' title='bbox 971 841 1036 907; x_wconf 87' lang='lat' dir='ltr'>filio</span> <span class='ocrx_word' id='word_1_34' title='bbox 1057 842 1251 930; x_wconf 87' lang='lat' dir='ltr'>benignitate</span> <span class='ocrx_word' id='word_1_35' title='bbox 1274 847 1373 912; x_wconf 88' lang='lat' dir='ltr'>deum</span> 
     </span>
     <span class='ocr_line' id='line_1_7' title="bbox 340 938 1372 1023; baseline -0.003 -15"><span class='ocrx_word' id='word_1_36' title='bbox 340 953 371 1008; x_wconf 91' lang='lat' dir='ltr'>et</span> <span class='ocrx_word' id='word_1_37' title='bbox 388 940 513 1008; x_wconf 87' lang='lat' dir='ltr'>sorturia</span> <span class='ocrx_word' id='word_1_38' title='bbox 530 941 597 1004; x_wconf 85' lang='lat' dir='ltr'>eius</span> <span class='ocrx_word' id='word_1_39' title='bbox 616 938 754 1002; x_wconf 87' lang='lat' dir='ltr'>evasisse</span> <span class='ocrx_word' id='word_1_40' title='bbox 771 959 900 1023; x_wconf 86' lang='lat' dir='ltr'>gravem</span> <span class='ocrx_word' id='word_1_41' title='bbox 918 959 1026 1002; x_wconf 89' lang='lat' dir='ltr'>casum</span> <span class='ocrx_word' id='word_1_42' title='bbox 1032 963 1041 1016; x_wconf 86' lang='lat'>3</span> <span class='ocrx_word' id='word_1_43' title='bbox 1064 960 1152 1003; x_wconf 92' lang='lat' dir='ltr'>orare</span> <span class='ocrx_word' id='word_1_44' title='bbox 1170 949 1205 1004; x_wconf 94' lang='lat' dir='ltr'>ut</span> <span class='ocrx_word' id='word_1_45' title='bbox 1222 943 1372 1023; x_wconf 80' lang='lat' dir='ltr'>quamvis</span> 
     </span>
     <span class='ocr_line' id='line_1_8' title="bbox 339 1031 1375 1124; baseline -0.002 -22"><span class='ocrx_word' id='word_1_46' title='bbox 339 1036 477 1124; x_wconf 90' lang='lat' dir='ltr'>periculo</span> <span class='ocrx_word' id='word_1_47' title='bbox 494 1033 602 1098; x_wconf 87' lang='lat' dir='ltr'>matris</span> <span class='ocrx_word' id='word_1_48' title='bbox 621 1031 785 1096; x_wconf 74' lang='lat' dir='ltr'>exterritus</span> <span class='ocrx_word' id='word_1_49' title='bbox 803 1031 925 1095; x_wconf 89' lang='lat' dir='ltr'>visendi</span> <span class='ocrx_word' id='word_1_50' title='bbox 947 1053 1053 1096; x_wconf 89' lang='lat' dir='ltr'>curam</span> <span class='ocrx_word' id='word_1_51' title='bbox 1071 1032 1222 1098; x_wconf 88' lang='lat' dir='ltr'>differret:</span> <span class='ocrx_word' id='word_1_52' title='bbox 1247 1033 1310 1098; x_wconf 92' lang='lat' dir='ltr'>sibi</span> <span class='ocrx_word' id='word_1_53' title='bbox 1333 1037 1375 1100; x_wconf 88' lang='lat' dir='ltr'>ad</span> 
     </span>
     <span class='ocr_line' id='line_1_9' title="bbox 338 1124 1373 1217; baseline -0.002 -22"><span class='ocrx_word' id='word_1_54' title='bbox 338 1152 487 1217; x_wconf 89' lang='lat' dir='ltr'>praesens</span> <span class='ocrx_word' id='word_1_55' title='bbox 510 1127 613 1211; x_wconf 87' lang='lat' dir='ltr'>quiete</span> <span class='ocrx_word' id='word_1_56' title='bbox 631 1147 720 1212; x_wconf 89' lang='lat' dir='ltr'>opus.</span> <span class='ocrx_word' id='word_1_57' title='bbox 747 1134 840 1208; x_wconf 89' lang='lat' dir='ltr'>atque</span> <span class='ocrx_word' id='word_1_58' title='bbox 861 1124 998 1203; x_wconf 89' lang='lat' dir='ltr'>interim,</span> <span class='ocrx_word' id='word_1_59' title='bbox 1022 1126 1187 1192; x_wconf 87' lang='lat' dir='ltr'>securitate</span> <span class='ocrx_word' id='word_1_60' title='bbox 1210 1127 1373 1206; x_wconf 89' lang='lat' dir='ltr'>simulata,</span> 
     </span>
     <span class='ocr_line' id='line_1_10' title="bbox 340 1219 1374 1304; baseline 0 -16"><span class='ocrx_word' id='word_1_61' title='bbox 340 1222 544 1288; x_wconf 85' lang='lat' dir='ltr'>medicamina</span> <span class='ocrx_word' id='word_1_62' title='bbox 561 1219 682 1284; x_wconf 89' lang='lat' dir='ltr'>vulneri</span> <span class='ocrx_word' id='word_1_63' title='bbox 700 1228 731 1283; x_wconf 90' lang='lat' dir='ltr'>et</span> <span class='ocrx_word' id='word_1_64' title='bbox 748 1219 886 1284; x_wconf 86' lang='lat' dir='ltr'>fomenta</span> <span class='ocrx_word' id='word_1_65' title='bbox 899 1219 1021 1304; x_wconf 85' lang='lat' dir='ltr'>corpori</span> <span class='ocrx_word' id='word_1_66' title='bbox 1038 1219 1164 1285; x_wconf 87' lang='lat' dir='ltr'>adhibet</span> <span class='ocrx_word' id='word_1_67' title='bbox 1170 1246 1179 1298; x_wconf 90' lang='lat'>;</span> <span class='ocrx_word' id='word_1_68' title='bbox 1198 1231 1374 1288; x_wconf 90' lang='lat' dir='ltr'>testamen-</span> 
     </span>
     <span class='ocr_line' id='line_1_11' title="bbox 340 1311 1373 1399; baseline 0 -19"><span class='ocrx_word' id='word_1_69' title='bbox 340 1329 405 1381; x_wconf 90' lang='lat' dir='ltr'>tum</span> <span class='ocrx_word' id='word_1_70' title='bbox 423 1314 613 1380; x_wconf 86' lang='lat' dir='ltr'>Acerroniae</span> <span class='ocrx_word' id='word_1_71' title='bbox 634 1311 749 1396; x_wconf 83' lang='lat' dir='ltr'>requiri</span> <span class='ocrx_word' id='word_1_72' title='bbox 771 1311 914 1396; x_wconf 89' lang='lat' dir='ltr'>bonaque</span> <span class='ocrx_word' id='word_1_73' title='bbox 937 1312 1097 1399; x_wconf 86' lang='lat' dir='ltr'>obsignari</span> <span class='ocrx_word' id='word_1_74' title='bbox 1119 1313 1219 1392; x_wconf 91' lang='lat' dir='ltr'>iubet,</span> <span class='ocrx_word' id='word_1_75' title='bbox 1244 1315 1279 1380; x_wconf 91' lang='lat' dir='ltr'>id</span> <span class='ocrx_word' id='word_1_76' title='bbox 1304 1326 1373 1382; x_wconf 87' lang='lat' dir='ltr'>tan-</span> 
     </span>
     <span class='ocr_line' id='line_1_12' title="bbox 339 1406 817 1493; baseline -0.008 -19"><span class='ocrx_word' id='word_1_77' title='bbox 339 1421 405 1474; x_wconf 91' lang='lat' dir='ltr'>tum</span> <span class='ocrx_word' id='word_1_78' title='bbox 423 1432 486 1474; x_wconf 91' lang='lat' dir='ltr'>non</span> <span class='ocrx_word' id='word_1_79' title='bbox 504 1430 560 1493; x_wconf 88' lang='lat' dir='ltr'>per</span> <span class='ocrx_word' id='word_1_80' title='bbox 578 1406 817 1471; x_wconf 88' lang='lat' dir='ltr'>simulationem.</span> 
     </span>
    </p>

    <p class='ocr_par' dir='ltr' id='par_1_4' title="bbox 306 1500 1392 3755">
     <span class='ocr_line' id='line_1_13' title="bbox 306 1500 1372 1586; baseline 0.003 -20"><span class='ocrx_word' id='word_1_81' title='bbox 306 1530 318 1573; x_wconf 82' lang='lat' dir='ltr'>r</span> <span class='ocrx_word' id='word_1_82' title='bbox 401 1501 447 1566; x_wconf 91' lang='lat' dir='ltr'>At</span> <span class='ocrx_word' id='word_1_83' title='bbox 464 1501 579 1566; x_wconf 90' lang='lat' dir='ltr'>Neroni</span> <span class='ocrx_word' id='word_1_84' title='bbox 597 1500 722 1564; x_wconf 91' lang='lat' dir='ltr'>nuntios</span> <span class='ocrx_word' id='word_1_85' title='bbox 740 1501 860 1585; x_wconf 57' lang='lat' dir='ltr'>patrati,</span> <span class='ocrx_word' id='word_1_86' title='bbox 875 1500 1022 1566; x_wconf 85' lang='lat' dir='ltr'>facinoris</span> <span class='ocrx_word' id='word_1_87' title='bbox 1046 1502 1218 1586; x_wconf 89' lang='lat' dir='ltr'>opperienti</span> <span class='ocrx_word' id='word_1_88' title='bbox 1238 1503 1372 1569; x_wconf 84' lang='lat' dir='ltr'>affertur</span> 
     </span>
     <span class='ocr_line' id='line_1_14' title="bbox 338 1592 1370 1662; baseline 0 0"><span class='ocrx_word' id='word_1_89' title='bbox 338 1596 475 1662; x_wconf 85' lang='lat' dir='ltr'>evasisse</span> <span class='ocrx_word' id='word_1_90' title='bbox 493 1595 557 1658; x_wconf 92' lang='lat' dir='ltr'>ictu</span> <span class='ocrx_word' id='word_1_91' title='bbox 575 1592 637 1656; x_wconf 90' lang='lat' dir='ltr'>levi</span> <span class='ocrx_word' id='word_1_92' title='bbox 656 1594 794 1657; x_wconf 79' lang='lat' dir='ltr'>sauciam</span> <span class='ocrx_word' id='word_1_93' title='bbox 812 1603 844 1659; x_wconf 90' lang='lat' dir='ltr'>et</span> <span class='ocrx_word' id='word_1_94' title='bbox 860 1593 1011 1660; x_wconf 88' lang='lat' dir='ltr'>hactenus</span> <span class='ocrx_word' id='word_1_95' title='bbox 1026 1595 1110 1660; x_wconf 91' lang='lat' dir='ltr'>adito</span> <span class='ocrx_word' id='word_1_96' title='bbox 1128 1595 1311 1661; x_wconf 88' lang='lat' dir='ltr'>discrimine</span> <span class='ocrx_word' id='word_1_97' title='bbox 1331 1620 1370 1662; x_wconf 90' lang='lat' dir='ltr'>ne</span> 
     </span>
     <span class='ocr_line' id='line_1_15' title="bbox 337 1686 1369 1776; baseline -0.002 -20"><span class='ocrx_word' id='word_1_98' title='bbox 337 1699 445 1756; x_wconf 88' lang='lat' dir='ltr'>auctor</span> <span class='ocrx_word' id='word_1_99' title='bbox 466 1686 671 1752; x_wconf 90' lang='lat' dir='ltr'>dubitaretur:</span> <span class='ocrx_word' id='word_1_100' title='bbox 699 1696 766 1751; x_wconf 91' lang='lat' dir='ltr'>tum</span> <span class='ocrx_word' id='word_1_101' title='bbox 788 1709 904 1772; x_wconf 87' lang='lat' dir='ltr'>pavore</span> <span class='ocrx_word' id='word_1_102' title='bbox 927 1689 1078 1753; x_wconf 87' lang='lat' dir='ltr'>exanimis</span> <span class='ocrx_word' id='word_1_103' title='bbox 1102 1691 1217 1754; x_wconf 90' lang='lat' dir='ltr'>etiam</span> <span class='ocrx_word' id='word_1_104' title='bbox 1240 1690 1369 1776; x_wconf 88' lang='lat' dir='ltr'>iamque</span> 
     </span>
     <span class='ocr_line' id='line_1_16' title="bbox 337 1781 1369 1868; baseline 0 -20"><span class='ocrx_word' id='word_1_105' title='bbox 337 1784 433 1849; x_wconf 82' lang='lat' dir='ltr'>affore</span> <span class='ocrx_word' id='word_1_106' title='bbox 452 1781 613 1846; x_wconf 90' lang='lat' dir='ltr'>obtestans</span> <span class='ocrx_word' id='word_1_107' title='bbox 631 1781 786 1846; x_wconf 89' lang='lat' dir='ltr'>vindictae</span> <span class='ocrx_word' id='word_1_108' title='bbox 803 1803 983 1868; x_wconf 88' lang='lat' dir='ltr'>properam,</span> <span class='ocrx_word' id='word_1_109' title='bbox 1003 1783 1069 1848; x_wconf 85' lang='lat' dir='ltr'>sive</span> <span class='ocrx_word' id='word_1_110' title='bbox 1087 1783 1213 1850; x_wconf 85' lang='lat' dir='ltr'>servitia</span> <span class='ocrx_word' id='word_1_111' title='bbox 1231 1797 1369 1850; x_wconf 89' lang='lat' dir='ltr'>armaret</span> 
     </span>
     <span class='ocr_line' id='line_1_17' title="bbox 338 1877 1369 1966; baseline 0.001 -23"><span class='ocrx_word' id='word_1_112' title='bbox 338 1880 387 1944; x_wconf 89' lang='lat' dir='ltr'>vel</span> <span class='ocrx_word' id='word_1_113' title='bbox 405 1878 534 1942; x_wconf 88' lang='lat' dir='ltr'>militem</span> <span class='ocrx_word' id='word_1_114' title='bbox 552 1878 748 1955; x_wconf 88' lang='lat' dir='ltr'>accenderet,</span> <span class='ocrx_word' id='word_1_115' title='bbox 773 1877 839 1941; x_wconf 90' lang='lat' dir='ltr'>sive</span> <span class='ocrx_word' id='word_1_116' title='bbox 858 1879 898 1942; x_wconf 91' lang='lat' dir='ltr'>ad</span> <span class='ocrx_word' id='word_1_117' title='bbox 916 1889 1059 1944; x_wconf 88' lang='lat' dir='ltr'>senatum</span> <span class='ocrx_word' id='word_1_118' title='bbox 1077 1889 1109 1943; x_wconf 88' lang='lat' dir='ltr'>et</span> <span class='ocrx_word' id='word_1_119' title='bbox 1124 1880 1277 1964; x_wconf 91' lang='lat' dir='ltr'>populum</span> <span class='ocrx_word' id='word_1_120' title='bbox 1298 1903 1369 1966; x_wconf 91' lang='lat' dir='ltr'>per-</span> 
     </span>
     <span class='ocr_line' id='line_1_18' title="bbox 336 1971 1368 2057; baseline 0 -18"><span class='ocrx_word' id='word_1_121' title='bbox 336 1975 477 2050; x_wconf 86' lang='lat' dir='ltr'>vaderet,</span> <span class='ocrx_word' id='word_1_122' title='bbox 500 1971 698 2057; x_wconf 81' lang='lat' dir='ltr'>naufragium</span> <span class='ocrx_word' id='word_1_123' title='bbox 716 1980 747 2036; x_wconf 90' lang='lat' dir='ltr'>et</span> <span class='ocrx_word' id='word_1_124' title='bbox 769 1971 882 2035; x_wconf 89' lang='lat' dir='ltr'>vulnus</span> <span class='ocrx_word' id='word_1_125' title='bbox 901 1982 933 2036; x_wconf 90' lang='lat' dir='ltr'>et</span> <span class='ocrx_word' id='word_1_126' title='bbox 953 1973 1133 2037; x_wconf 87' lang='lat' dir='ltr'>interfectos</span> <span class='ocrx_word' id='word_1_127' title='bbox 1156 1974 1275 2038; x_wconf 87' lang='lat' dir='ltr'>amicos</span> <span class='ocrx_word' id='word_1_128' title='bbox 1300 1972 1368 2039; x_wconf 94' lang='lat' dir='ltr'>obi-</span> 
     </span>
     <span class='ocr_line' id='line_1_19' title="bbox 337 2063 1366 2151; baseline 0 -20"><span class='ocrx_word' id='word_1_129' title='bbox 337 2067 462 2132; x_wconf 90' lang='lat' dir='ltr'>ciendo:</span> <span class='ocrx_word' id='word_1_130' title='bbox 485 2066 571 2149; x_wconf 92' lang='lat' dir='ltr'>quod</span> <span class='ocrx_word' id='word_1_131' title='bbox 594 2075 701 2130; x_wconf 86' lang='lat' dir='ltr'>contra</span> <span class='ocrx_word' id='word_1_132' title='bbox 723 2063 908 2132; x_wconf 86' lang='lat' dir='ltr'>subsidium·</span> <span class='ocrx_word' id='word_1_133' title='bbox 920 2064 1000 2130; x_wconf 83' lang='lat' dir='ltr'>sibi?</span> <span class='ocrx_word' id='word_1_134' title='bbox 1021 2066 1082 2130; x_wconf 90' lang='lat' dir='ltr'>nisi</span> <span class='ocrx_word' id='word_1_135' title='bbox 1100 2067 1176 2151; x_wconf 94' lang='lat' dir='ltr'>quid</span> <span class='ocrx_word' id='word_1_136' title='bbox 1193 2067 1316 2133; x_wconf 90' lang='lat' dir='ltr'>Burrus</span> <span class='ocrx_word' id='word_1_137' title='bbox 1336 2085 1366 2132; x_wconf 85' lang='lat' dir='ltr'>et</span> 
     </span>
     <span class='ocr_line' id='line_1_20' title="bbox 339 2160 1368 2246; baseline 0 -19"><span class='ocrx_word' id='word_1_138' title='bbox 339 2161 458 2228; x_wconf 88' lang='lat' dir='ltr'>Seneca</span> <span class='ocrx_word' id='word_1_139' title='bbox 478 2163 659 2246; x_wconf 79' lang='lat' dir='ltr'>expedirent</span> <span class='ocrx_word' id='word_1_140' title='bbox 665 2185 673 2239; x_wconf 88' lang='lat'>;</span> <span class='ocrx_word' id='word_1_141' title='bbox 692 2182 831 2244; x_wconf 92' lang='lat' dir='ltr'>-quos</span> <span class='ocrx_word' id='word_1_142' title='bbox 850 2160 954 2225; x_wconf 89' lang='lat' dir='ltr'>statim</span> <span class='ocrx_word' id='word_1_143' title='bbox 971 2161 1135 2239; x_wconf 85' lang='lat' dir='ltr'>acciverat,</span> <span class='ocrx_word' id='word_1_144' title='bbox 1152 2161 1306 2226; x_wconf 86' lang='lat' dir='ltr'>incertum</span> <span class='ocrx_word' id='word_1_145' title='bbox 1326 2186 1368 2227; x_wconf 90' lang='lat' dir='ltr'>an</span> 
     </span>
     <span class='ocr_line' id='line_1_21' title="bbox 336 2254 1366 2340; baseline 0.001 -21"><span class='ocrx_word' id='word_1_146' title='bbox 336 2269 367 2319; x_wconf 90' lang='lat' dir='ltr'>et</span> <span class='ocrx_word' id='word_1_147' title='bbox 385 2265 456 2320; x_wconf 88' lang='lat' dir='ltr'>ante</span> <span class='ocrx_word' id='word_1_148' title='bbox 474 2255 610 2340; x_wconf 88' lang='lat' dir='ltr'>ignaros.</span> <span class='ocrx_word' id='word_1_149' title='bbox 634 2254 729 2340; x_wconf 89' lang='lat' dir='ltr'>igitur</span> <span class='ocrx_word' id='word_1_150' title='bbox 745 2254 874 2340; x_wconf 86' lang='lat' dir='ltr'>longum</span> <span class='ocrx_word' id='word_1_151' title='bbox 892 2254 1054 2338; x_wconf 88' lang='lat' dir='ltr'>utriusque</span> <span class='ocrx_word' id='word_1_152' title='bbox 1073 2254 1244 2333; x_wconf 90' lang='lat' dir='ltr'>silentium,</span> <span class='ocrx_word' id='word_1_153' title='bbox 1264 2279 1304 2320; x_wconf 92' lang='lat' dir='ltr'>ne</span> <span class='ocrx_word' id='word_1_154' title='bbox 1323 2257 1366 2320; x_wconf 89' lang='lat' dir='ltr'>ir-</span> 
     </span>
     <span class='ocr_line' id='line_1_22' title="bbox 335 2348 1366 2435; baseline 0.003 -23"><span class='ocrx_word' id='word_1_155' title='bbox 335 2350 386 2412; x_wconf 91' lang='lat' dir='ltr'>riti</span> <span class='ocrx_word' id='word_1_156' title='bbox 403 2349 629 2424; x_wconf 88' lang='lat' dir='ltr'>dissuaderent,</span> <span class='ocrx_word' id='word_1_157' title='bbox 648 2373 689 2412; x_wconf 86' lang='lat' dir='ltr'>an</span> <span class='ocrx_word' id='word_1_158' title='bbox 702 2371 739 2413; x_wconf 91' lang='lat' dir='ltr'>eo</span> <span class='ocrx_word' id='word_1_159' title='bbox 753 2349 938 2413; x_wconf 89' lang='lat' dir='ltr'>descensum</span> <span class='ocrx_word' id='word_1_160' title='bbox 953 2348 1121 2414; x_wconf 86' lang='lat' dir='ltr'>credebant</span> <span class='ocrx_word' id='word_1_161' title='bbox 1138 2361 1180 2424; x_wconf 85' lang='lat' dir='ltr'>ut,</span> <span class='ocrx_word' id='word_1_162' title='bbox 1199 2349 1259 2414; x_wconf 90' lang='lat' dir='ltr'>nisi</span> <span class='ocrx_word' id='word_1_163' title='bbox 1272 2372 1366 2435; x_wconf 87' lang='lat' dir='ltr'>prac-</span> 
     </span>
     <span class='ocr_line' id='line_1_23' title="bbox 335 2441 1364 2530; baseline 0.005 -25"><span class='ocrx_word' id='word_1_164' title='bbox 335 2443 492 2507; x_wconf 86' lang='lat' dir='ltr'>veniretur</span> <span class='ocrx_word' id='word_1_165' title='bbox 512 2442 703 2528; x_wconf 88' lang='lat' dir='ltr'>Agrippina,</span> <span class='ocrx_word' id='word_1_166' title='bbox 731 2444 923 2527; x_wconf 88' lang='lat' dir='ltr'>pereundum</span> <span class='ocrx_word' id='word_1_167' title='bbox 945 2441 1062 2508; x_wconf 88' lang='lat' dir='ltr'>Neroni</span> <span class='ocrx_word' id='word_1_168' title='bbox 1084 2453 1176 2508; x_wconf 79' lang='lat' dir='ltr'>esset</span> <span class='ocrx_word' id='word_1_169' title='bbox 1206 2454 1280 2530; x_wconf 91' lang='lat' dir='ltr'>post</span> <span class='ocrx_word' id='word_1_170' title='bbox 1305 2443 1364 2510; x_wconf 85' lang='lat' dir='ltr'>Se-</span> 
     </span>
     <span class='ocr_line' id='line_1_24' title="bbox 334 2534 1364 2625; baseline 0.006 -28"><span class='ocrx_word' id='word_1_171' title='bbox 334 2557 412 2598; x_wconf 86' lang='lat' dir='ltr'>neca</span> <span class='ocrx_word' id='word_1_172' title='bbox 438 2534 588 2600; x_wconf 89' lang='lat' dir='ltr'>hactenus</span> <span class='ocrx_word' id='word_1_173' title='bbox 615 2536 803 2621; x_wconf 90' lang='lat' dir='ltr'>promptius,</span> <span class='ocrx_word' id='word_1_174' title='bbox 830 2549 863 2600; x_wconf 82' lang='lat' dir='ltr'>at</span> <span class='ocrx_word' id='word_1_175' title='bbox 889 2537 1056 2623; x_wconf 91' lang='lat' dir='ltr'>respiceret</span> <span class='ocrx_word' id='word_1_176' title='bbox 1078 2537 1215 2602; x_wconf 92' lang='lat' dir='ltr'>Burrum</span> <span class='ocrx_word' id='word_1_177' title='bbox 1241 2560 1279 2603; x_wconf 91' lang='lat' dir='ltr'>ac</span> <span class='ocrx_word' id='word_1_178' title='bbox 1304 2536 1364 2625; x_wconf 88' lang='lat' dir='ltr'>[si]</span> 
     </span>
     <span class='ocr_line' id='line_1_25' title="bbox 334 2628 1365 2718; baseline 0.008 -28"><span class='ocrx_word' id='word_1_179' title='bbox 334 2628 539 2692; x_wconf 74' lang='lat' dir='ltr'>sciscitaretur</span> <span class='ocrx_word' id='word_1_180' title='bbox 560 2651 600 2692; x_wconf 90' lang='lat' dir='ltr'>an</span> <span class='ocrx_word' id='word_1_181' title='bbox 622 2628 712 2693; x_wconf 89' lang='lat' dir='ltr'>militi</span> <span class='ocrx_word' id='word_1_182' title='bbox 734 2630 917 2714; x_wconf 89' lang='lat' dir='ltr'>imperanda</span> <span class='ocrx_word' id='word_1_183' title='bbox 938 2632 1050 2697; x_wconf 89' lang='lat' dir='ltr'>caedes</span> <span class='ocrx_word' id='word_1_184' title='bbox 1073 2642 1166 2697; x_wconf 89' lang='lat' dir='ltr'>esset.</span> <span class='ocrx_word' id='word_1_185' title='bbox 1199 2631 1250 2697; x_wconf 92' lang='lat' dir='ltr'>ille</span> <span class='ocrx_word' id='word_1_186' title='bbox 1272 2655 1365 2718; x_wconf 87' lang='lat' dir='ltr'>prae-</span> 
     </span>
     <span class='ocr_line' id='line_1_26' title="bbox 334 2721 1364 2810; baseline 0.007 -25"><span class='ocrx_word' id='word_1_187' title='bbox 334 2721 470 2785; x_wconf 90' lang='lat' dir='ltr'>torianos</span> <span class='ocrx_word' id='word_1_188' title='bbox 488 2721 545 2786; x_wconf 92' lang='lat' dir='ltr'>toti</span> <span class='ocrx_word' id='word_1_189' title='bbox 559 2721 732 2788; x_wconf 84' lang='lat' dir='ltr'>Caesarum</span> <span class='ocrx_word' id='word_1_190' title='bbox 746 2724 853 2788; x_wconf 89' lang='lat' dir='ltr'>domui</span> <span class='ocrx_word' id='word_1_191' title='bbox 871 2724 1037 2791; x_wconf 82' lang='lat' dir='ltr'>obstrictos</span> <span class='ocrx_word' id='word_1_192' title='bbox 1051 2748 1266 2810; x_wconf 90' lang='lat' dir='ltr'>memoresque</span> <span class='ocrx_word' id='word_1_193' title='bbox 1281 2724 1364 2792; x_wconf 86' lang='lat' dir='ltr'>Ger-</span> 
     </span>
     <span class='ocr_line' id='line_1_27' title="bbox 334 2811 1364 2904; baseline 0.008 -26"><span class='ocrx_word' id='word_1_194' title='bbox 334 2811 447 2879; x_wconf 88' lang='lat' dir='ltr'>manici</span> <span class='ocrx_word' id='word_1_195' title='bbox 470 2815 546 2880; x_wconf 92' lang='lat' dir='ltr'>nihil</span> <span class='ocrx_word' id='word_1_196' title='bbox 568 2816 719 2882; x_wconf 88' lang='lat' dir='ltr'>adversus</span> <span class='ocrx_word' id='word_1_197' title='bbox 742 2819 923 2904; x_wconf 84' lang='lat' dir='ltr'>progeniem</span> <span class='ocrx_word' id='word_1_198' title='bbox 950 2820 1017 2885; x_wconf 88' lang='lat' dir='ltr'>eius</span> <span class='ocrx_word' id='word_1_199' title='bbox 1045 2830 1133 2886; x_wconf 83' lang='lat' dir='ltr'>atrox</span> <span class='ocrx_word' id='word_1_200' title='bbox 1159 2842 1290 2886; x_wconf 90' lang='lat' dir='ltr'>ausuros</span> <span class='ocrx_word' id='word_1_201' title='bbox 1313 2843 1364 2886; x_wconf 84' lang='lat' dir='ltr'>re-</span> 
     </span>
     <span class='ocr_line' id='line_1_28' title="bbox 335 2910 1363 2998; baseline 0.005 -25"><span class='ocrx_word' id='word_1_202' title='bbox 335 2910 474 2996; x_wconf 89' lang='lat' dir='ltr'>spondit:</span> <span class='ocrx_word' id='word_1_203' title='bbox 489 2920 680 2997; x_wconf 86' lang='lat' dir='ltr'>perpetraret</span> <span class='ocrx_word' id='word_1_204' title='bbox 688 2911 842 2978; x_wconf 87' lang='lat' dir='ltr'>Anicetus</span> <span class='ocrx_word' id='word_1_205' title='bbox 856 2915 1020 2998; x_wconf 88' lang='lat' dir='ltr'>promissa.</span> <span class='ocrx_word' id='word_1_206' title='bbox 1040 2915 1094 2998; x_wconf 92' lang='lat' dir='ltr'>qui</span> <span class='ocrx_word' id='word_1_207' title='bbox 1106 2914 1184 2978; x_wconf 91' lang='lat' dir='ltr'>nihil</span> <span class='ocrx_word' id='word_1_208' title='bbox 1197 2925 1363 2980; x_wconf 88' lang='lat' dir='ltr'>cunctatus</span> 
     </span>
     <span class='ocr_line' id='line_1_29' title="bbox 333 3004 1392 3090; baseline 0.006 -22"><span class='ocrx_word' id='word_1_209' title='bbox 333 3004 435 3090; x_wconf 90' lang='lat' dir='ltr'>poscit</span> <span class='ocrx_word' id='word_1_210' title='bbox 454 3028 609 3072; x_wconf 87' lang='lat' dir='ltr'>summam</span> <span class='ocrx_word' id='word_1_211' title='bbox 627 3005 762 3072; x_wconf 87' lang='lat' dir='ltr'>sceleris.</span> <span class='ocrx_word' id='word_1_212' title='bbox 786 3007 913 3072; x_wconf 87' lang='lat' dir='ltr'>adeam</span> <span class='ocrx_word' id='word_1_213' title='bbox 932 3030 1041 3073; x_wconf 90' lang='lat' dir='ltr'>vocem</span> <span class='ocrx_word' id='word_1_214' title='bbox 1059 3008 1142 3073; x_wconf 90' lang='lat' dir='ltr'>Nero</span> <span class='ocrx_word' id='word_1_215' title='bbox 1159 3008 1212 3073; x_wconf 91' lang='lat' dir='ltr'>illo</span> <span class='ocrx_word' id='word_1_216' title='bbox 1231 3008 1291 3074; x_wconf 93' lang='lat' dir='ltr'>sibi</span> <span class='ocrx_word' id='word_1_217' title='bbox 1310 3010 1362 3074; x_wconf 88' lang='lat' dir='ltr'>dic</span> <span class='ocrx_word' id='word_1_218' title='bbox 1389 3077 1392 3084; x_wconf 77' lang='grc'>,</span> 
     </span>
     <span class='ocr_line' id='line_1_30' title="bbox 334 3100 1362 3188; baseline 0.005 -25"><span class='ocrx_word' id='word_1_219' title='bbox 334 3100 401 3164; x_wconf 89' lang='lat' dir='ltr'>dari</span> <span class='ocrx_word' id='word_1_220' title='bbox 423 3100 588 3186; x_wconf 89' lang='lat' dir='ltr'>imperium</span> <span class='ocrx_word' id='word_1_221' title='bbox 610 3110 829 3185; x_wconf 84' lang='lat' dir='ltr'>auctoremque</span> <span class='ocrx_word' id='word_1_222' title='bbox 848 3102 925 3165; x_wconf 89' lang='lat' dir='ltr'>tanti</span> <span class='ocrx_word' id='word_1_223' title='bbox 942 3103 1080 3167; x_wconf 89' lang='lat' dir='ltr'>muneris</span> <span class='ocrx_word' id='word_1_224' title='bbox 1102 3102 1248 3167; x_wconf 91' lang='lat' dir='ltr'>libertum</span> <span class='ocrx_word' id='word_1_225' title='bbox 1266 3103 1362 3188; x_wconf 88' lang='lat' dir='ltr'>proli·</span> 
     </span>
     <span class='ocr_line' id='line_1_31' title="bbox 333 3194 1360 3283; baseline 0.005 -26"><span class='ocrx_word' id='word_1_226' title='bbox 333 3204 427 3258; x_wconf 88' lang='lat' dir='ltr'>tetur:</span> <span class='ocrx_word' id='word_1_227' title='bbox 442 3194 500 3258; x_wconf 90' lang='lat' dir='ltr'>iret</span> <span class='ocrx_word' id='word_1_228' title='bbox 512 3213 643 3280; x_wconf 90' lang='lat' dir='ltr'>propere</span> <span class='ocrx_word' id='word_1_229' title='bbox 657 3195 844 3279; x_wconf 89' lang='lat' dir='ltr'>duceretque</span> <span class='ocrx_word' id='word_1_230' title='bbox 857 3196 1107 3281; x_wconf 86' lang='lat' dir='ltr'>promptissimos</span> <span class='ocrx_word' id='word_1_231' title='bbox 1121 3197 1162 3261; x_wconf 92' lang='lat' dir='ltr'>ad</span> <span class='ocrx_word' id='word_1_232' title='bbox 1175 3197 1271 3262; x_wconf 90' lang='lat' dir='ltr'>iussa.</span> <span class='ocrx_word' id='word_1_233' title='bbox 1290 3197 1360 3283; x_wconf 90' lang='lat' dir='ltr'>ipse</span> 
     </span>
     <span class='ocr_line' id='line_1_32' title="bbox 334 3287 1361 3378; baseline 0.007 -28"><span class='ocrx_word' id='word_1_234' title='bbox 334 3289 439 3352; x_wconf 89' lang='lat' dir='ltr'>audito</span> <span class='ocrx_word' id='word_1_235' title='bbox 458 3289 582 3352; x_wconf 89' lang='lat' dir='ltr'>venisse</span> <span class='ocrx_word' id='word_1_236' title='bbox 600 3289 699 3354; x_wconf 87' lang='lat' dir='ltr'>missu</span> <span class='ocrx_word' id='word_1_237' title='bbox 712 3289 908 3376; x_wconf 89' lang='lat' dir='ltr'>Agrippinae</span> <span class='ocrx_word' id='word_1_238' title='bbox 925 3292 1069 3356; x_wconf 90' lang='lat' dir='ltr'>nuntium</span> <span class='ocrx_word' id='word_1_239' title='bbox 1086 3287 1271 3378; x_wconf 88' lang='lat' dir='ltr'>Agerinum,</span> <span class='ocrx_word' id='word_1_240' title='bbox 1292 3315 1361 3357; x_wconf 89' lang='lat' dir='ltr'>scc-</span> 
     </span>
     <span class='ocr_line' id='line_1_33' title="bbox 332 3380 1360 3472; baseline 0.011 -33"><span class='ocrx_word' id='word_1_241' title='bbox 332 3401 404 3440; x_wconf 88' lang='lat' dir='ltr'>nam</span> <span class='ocrx_word' id='word_1_242' title='bbox 422 3380 503 3443; x_wconf 89' lang='lat' dir='ltr'>ultro</span> <span class='ocrx_word' id='word_1_243' title='bbox 522 3382 659 3445; x_wconf 88' lang='lat' dir='ltr'>oriminis</span> <span class='ocrx_word' id='word_1_244' title='bbox 677 3394 780 3468; x_wconf 90' lang='lat' dir='ltr'>parat,</span> <span class='ocrx_word' id='word_1_245' title='bbox 799 3383 1011 3469; x_wconf 89' lang='lat' dir='ltr'>gladiumque,</span> <span class='ocrx_word' id='word_1_246' title='bbox 1030 3383 1105 3450; x_wconf 91' lang='lat' dir='ltr'>dum</span> <span class='ocrx_word' id='word_1_247' title='bbox 1123 3385 1271 3450; x_wconf 87' lang='lat' dir='ltr'>mandata</span> <span class='ocrx_word' id='word_1_248' title='bbox 1287 3408 1360 3472; x_wconf 91' lang='lat' dir='ltr'>pcr-</span> 
     </span>
     <span class='ocr_line' id='line_1_34' title="bbox 330 3471 1361 3565; baseline 0.013 -34"><span class='ocrx_word' id='word_1_249' title='bbox 330 3471 404 3545; x_wconf 85' lang='lat' dir='ltr'>fert‚</span> <span class='ocrx_word' id='word_1_250' title='bbox 428 3471 523 3535; x_wconf 88' lang='lat' dir='ltr'>abicit</span> <span class='ocrx_word' id='word_1_251' title='bbox 539 3473 619 3537; x_wconf 87' lang='lat' dir='ltr'>inter</span> <span class='ocrx_word' id='word_1_252' title='bbox 636 3477 732 3558; x_wconf 87' lang='lat' dir='ltr'>pedes</span> <span class='ocrx_word' id='word_1_253' title='bbox 751 3477 832 3554; x_wconf 87' lang='lat' dir='ltr'>eius,</span> <span class='ocrx_word' id='word_1_254' title='bbox 851 3487 919 3542; x_wconf 90' lang='lat' dir='ltr'>tum</span> <span class='ocrx_word' id='word_1_255' title='bbox 936 3479 1027 3562; x_wconf 92' lang='lat' dir='ltr'>quasi</span> <span class='ocrx_word' id='word_1_256' title='bbox 1044 3478 1237 3565; x_wconf 90' lang='lat' dir='ltr'>deprehenso</span> <span class='ocrx_word' id='word_1_257' title='bbox 1255 3479 1361 3544; x_wconf 79' lang='lat' dir='ltr'>vincla</span> 
     </span>
     <span class='ocr_line' id='line_1_35' title="bbox 331 3563 1359 3660; baseline 0.015 -35"><span class='ocrx_word' id='word_1_258' title='bbox 331 3564 403 3626; x_wconf 88' lang='lat' dir='ltr'>inici</span> <span class='ocrx_word' id='word_1_259' title='bbox 416 3563 511 3642; x_wconf 86' lang='lat' dir='ltr'>iubet,</span> <span class='ocrx_word' id='word_1_260' title='bbox 532 3576 566 3628; x_wconf 94' lang='lat' dir='ltr'>ut</span> <span class='ocrx_word' id='word_1_261' title='bbox 574 3567 707 3631; x_wconf 86' lang='lat' dir='ltr'>exitium</span> <span class='ocrx_word' id='word_1_262' title='bbox 725 3570 874 3656; x_wconf 90' lang='lat' dir='ltr'>principis</span> <span class='ocrx_word' id='word_1_263' title='bbox 889 3574 1027 3639; x_wconf 88' lang='lat' dir='ltr'>molitam</span> <span class='ocrx_word' id='word_1_264' title='bbox 1045 3583 1176 3640; x_wconf 87' lang='lat' dir='ltr'>matrem</span> <span class='ocrx_word' id='word_1_265' title='bbox 1194 3584 1225 3638; x_wconf 91' lang='lat' dir='ltr'>et</span> <span class='ocrx_word' id='word_1_266' title='bbox 1238 3576 1359 3660; x_wconf 85' lang='lat' dir='ltr'>pudore</span> 
     </span>
     <span class='ocr_line' id='line_1_36' title="bbox 332 3657 1358 3755; baseline 0.01 -32"><span class='ocrx_word' id='word_1_267' title='bbox 332 3657 516 3743; x_wconf 89' lang='lat' dir='ltr'>deprehensi</span> <span class='ocrx_word' id='word_1_268' title='bbox 540 3659 665 3733; x_wconf 85' lang='lat' dir='ltr'>sceleris</span> <span class='ocrx_word' id='word_1_269' title='bbox 685 3673 796 3748; x_wconf 86' lang='lat' dir='ltr'>sponte</span> <span class='ocrx_word' id='word_1_270' title='bbox 813 3676 945 3732; x_wconf 91' lang='lat' dir='ltr'>mortem</span> <span class='ocrx_word' id='word_1_271' title='bbox 964 3668 1137 3754; x_wconf 90' lang='lat' dir='ltr'>sumpsisse</span> <span class='ocrx_word' id='word_1_272' title='bbox 1155 3668 1358 3755; x_wconf 83' lang='lat' dir='ltr'>confingeret.</span> 
     </span>
    </p>

    <p class='ocr_par' dir='ltr' id='par_1_5' title="bbox 296 3753 1360 4224">
     <span class='ocr_line' id='line_1_37' title="bbox 296 3753 1360 3846; baseline 0.011 -30"><span class='ocrx_word' id='word_1_273' title='bbox 296 3775 311 3818; x_wconf 82' lang='lat' dir='ltr'>a</span> <span class='ocrx_word' id='word_1_274' title='bbox 394 3754 523 3818; x_wconf 86' lang='lat' dir='ltr'>Interim</span> <span class='ocrx_word' id='word_1_275' title='bbox 546 3753 674 3841; x_wconf 86' lang='lat' dir='ltr'>vulgato</span> <span class='ocrx_word' id='word_1_276' title='bbox 693 3756 889 3844; x_wconf 77' lang='lat' dir='ltr'>Agrippinae</span> <span class='ocrx_word' id='word_1_277' title='bbox 906 3762 1059 3846; x_wconf 85' lang='lat' dir='ltr'>periculo,</span> <span class='ocrx_word' id='word_1_278' title='bbox 1083 3763 1173 3846; x_wconf 87' lang='lat' dir='ltr'>quasi</span> <span class='ocrx_word' id='word_1_279' title='bbox 1191 3784 1268 3828; x_wconf 89' lang='lat' dir='ltr'>casu</span> <span class='ocrx_word' id='word_1_280' title='bbox 1286 3785 1360 3828; x_wconf 90' lang='lat' dir='ltr'>eve-</span> 
     </span>
     <span class='ocr_line' id='line_1_38' title="bbox 330 3850 1359 3940; baseline 0.008 -26"><span class='ocrx_word' id='word_1_281' title='bbox 330 3852 441 3927; x_wconf 87' lang='lat' dir='ltr'>nisset,</span> <span class='ocrx_word' id='word_1_282' title='bbox 464 3850 653 3934; x_wconf 88' lang='lat' dir='ltr'>utquisque</span> <span class='ocrx_word' id='word_1_283' title='bbox 676 3864 851 3940; x_wconf 87' lang='lat' dir='ltr'>acceperat,</span> <span class='ocrx_word' id='word_1_284' title='bbox 875 3855 1037 3921; x_wconf 88' lang='lat' dir='ltr'>decurrere</span> <span class='ocrx_word' id='word_1_285' title='bbox 1060 3857 1101 3920; x_wconf 89' lang='lat' dir='ltr'>ad</span> <span class='ocrx_word' id='word_1_286' title='bbox 1122 3855 1211 3934; x_wconf 83' lang='lat' dir='ltr'>litus3</span> <span class='ocrx_word' id='word_1_287' title='bbox 1235 3856 1267 3920; x_wconf 91' lang='lat' dir='ltr'>hi</span> <span class='ocrx_word' id='word_1_288' title='bbox 1290 3879 1359 3922; x_wconf 88' lang='lat' dir='ltr'>mo-</span> 
     </span>
     <span class='ocr_line' id='line_1_39' title="bbox 331 3943 1358 4034; baseline 0.007 -27"><span class='ocrx_word' id='word_1_289' title='bbox 331 3945 406 4008; x_wconf 90' lang='lat' dir='ltr'>lium</span> <span class='ocrx_word' id='word_1_290' title='bbox 420 3943 570 4022; x_wconf 87' lang='lat' dir='ltr'>obieclus,</span> <span class='ocrx_word' id='word_1_291' title='bbox 584 3945 616 4008; x_wconf 96' lang='lat' dir='ltr'>hi</span> <span class='ocrx_word' id='word_1_292' title='bbox 626 3946 784 4032; x_wconf 82' lang='lat' dir='ltr'>proximas</span> <span class='ocrx_word' id='word_1_293' title='bbox 800 3947 932 4034; x_wconf 88' lang='lat' dir='ltr'>scaphas</span> <span class='ocrx_word' id='word_1_294' title='bbox 948 3950 1113 4028; x_wconf 87' lang='lat' dir='ltr'>scandere;</span> <span class='ocrx_word' id='word_1_295' title='bbox 1127 3950 1189 4027; x_wconf 89' lang='lat' dir='ltr'>alii,</span> <span class='ocrx_word' id='word_1_296' title='bbox 1203 3960 1358 4033; x_wconf 86' lang='lat' dir='ltr'>quantum</span> 
     </span>
     <span class='ocr_line' id='line_1_40' title="bbox 329 4039 1356 4130; baseline 0.007 -29"><span class='ocrx_word' id='word_1_297' title='bbox 329 4061 441 4123; x_wconf 91' lang='lat' dir='ltr'>corpus</span> <span class='ocrx_word' id='word_1_298' title='bbox 456 4039 587 4116; x_wconf 88' lang='lat' dir='ltr'>sinebat,</span> <span class='ocrx_word' id='word_1_299' title='bbox 601 4041 715 4106; x_wconf 87' lang='lat' dir='ltr'>vadere</span> <span class='ocrx_word' id='word_1_300' title='bbox 728 4042 761 4106; x_wconf 91' lang='lat' dir='ltr'>in</span> <span class='ocrx_word' id='word_1_301' title='bbox 773 4066 872 4121; x_wconf 83' lang='lat' dir='ltr'>mare3</span> <span class='ocrx_word' id='word_1_302' title='bbox 890 4044 1017 4127; x_wconf 91' lang='lat' dir='ltr'>quidam</span> <span class='ocrx_word' id='word_1_303' title='bbox 1031 4067 1143 4108; x_wconf 87' lang='lat' dir='ltr'>manus</span> <span class='ocrx_word' id='word_1_304' title='bbox 1155 4044 1356 4130; x_wconf 65' lang='lat' dir='ltr'>protenderm</span> 
     </span>
     <span class='ocr_line' id='line_1_41' title="bbox 327 4132 1357 4224; baseline 0.009 -31"><span class='ocrx_word' id='word_1_305' title='bbox 327 4132 504 4212; x_wconf 89' lang='lat' dir='ltr'>questibus,</span> <span class='ocrx_word' id='word_1_306' title='bbox 529 4134 624 4209; x_wconf 85' lang='lat' dir='ltr'>votis,</span> <span class='ocrx_word' id='word_1_307' title='bbox 653 4136 787 4201; x_wconf 82' lang='lat' dir='ltr'>clamore</span> <span class='ocrx_word' id='word_1_308' title='bbox 805 4137 928 4203; x_wconf 89' lang='lat' dir='ltr'>diversa</span> <span class='ocrx_word' id='word_1_309' title='bbox 945 4138 1147 4224; x_wconf 84' lang='lat' dir='ltr'>rogitantium</span> <span class='ocrx_word' id='word_1_310' title='bbox 1166 4146 1219 4204; x_wconf 88' lang='lat' dir='ltr'>aut</span> <span class='ocrx_word' id='word_1_311' title='bbox 1237 4138 1357 4202; x_wconf 86' lang='lat' dir='ltr'>incerta</span> 
     </span>
    </p>
   </div>
   <div class='ocr_carea' id='block_1_4' title="bbox 0 0 1514 4958">
    <p class='ocr_par' dir='ltr' id='par_1_6' title="bbox 0 0 1514 4958">
     <span class='ocr_line' id='line_1_42' title="bbox 0 0 1514 4958; baseline 0 3"><span class='ocrx_word' id='word_1_312' title='bbox 0 0 1514 4958; x_wconf 95' lang='lat' dir='ltr'> </span> 
     </span>
    </p>
   </div>
  </div>
 </body>
</html>
