<?xml version="1.0" encoding="UTF-8"?>
<!DOCTYPE html PUBLIC "-//W3C//DTD XHTML 1.0 Transitional//EN"
    "http://www.w3.org/TR/xhtml1/DTD/xhtml1-transitional.dtd">
<html xmlns="http://www.w3.org/1999/xhtml" xml:lang="en" lang="en">
 <head>
  <title>
</title>
<meta http-equiv="Content-Type" content="text/html;charset=utf-8" />
  <meta name='ocr-system' content='tesseract 3.04.00' />
  <meta name='ocr-capabilities' content='ocr_page ocr_carea ocr_par ocr_line ocrx_word'/>
</head>
<body>
  <div class='ocr_page' id='page_1' title='image "./corneliitacitio00haasgoog_0083.png"; bbox 0 0 2958 4960; ppageno 0'>
   <div class='ocr_carea' id='block_1_1' title="bbox 308 449 988 520">
    <p class='ocr_par' dir='ltr' id='par_1_1' title="bbox 308 449 988 520">
     <span class='ocr_line' id='line_1_1' title="bbox 308 449 988 520; baseline 0.012 -8"><span class='ocrx_word' id='word_1_1' title='bbox 308 449 328 512; x_wconf 83' lang='grc'><strong>6</strong></span> <span class='ocrx_word' id='word_1_2' title='bbox 660 463 842 520; x_wconf 84' lang='lat' dir='ltr'><strong>CORNELII</strong></span> <span class='ocrx_word' id='word_1_3' title='bbox 857 463 988 520; x_wconf 78' lang='lat' dir='ltr'>TACITI</span> 
     </span>
    </p>
   </div>
   <div class='ocr_carea' id='block_1_2' title="bbox 306 565 1346 712">
    <p class='ocr_par' dir='ltr' id='par_1_2' title="bbox 306 565 1346 712">
     <span class='ocr_line' id='line_1_2' title="bbox 306 565 1346 712; baseline 0.01 -26"><span class='ocrx_word' id='word_1_4' title='bbox 306 622 453 687; x_wconf 77' lang='lat' dir='ltr'>Rhenum</span> <span class='ocrx_word' id='word_1_5' title='bbox 476 619 652 708; x_wconf 82' lang='lat' dir='ltr'>legionibus</span> <span class='ocrx_word' id='word_1_6' title='bbox 674 621 812 706; x_wconf 85' lang='lat' dir='ltr'><strong>inposuit</strong></span> <span class='ocrx_word' id='word_1_7' title='bbox 830 622 1005 707; x_wconf 89' lang='lat' dir='ltr'>adscirique</span> <span class='ocrx_word' id='word_1_8' title='bbox 1022 646 1078 709; x_wconf 93' lang='lat' dir='ltr'>per</span> <span class='ocrx_word' id='word_1_9' title='bbox 1096 565 1346 712; x_wconf 50' lang='lat' dir='ltr'>adoptioiieihissii</span> 
     </span>
    </p>
   </div>
   <div class='ocr_carea' id='block_1_3' title="bbox 267 713 1447 4286">
    <p class='ocr_par' dir='ltr' id='par_1_3' title="bbox 303 713 1344 1552">
     <span class='ocr_line' id='line_1_3' title="bbox 307 713 1344 799; baseline 0.008 -19"><span class='ocrx_word' id='word_1_10' title='bbox 307 713 434 780; x_wconf 81' lang='lat' dir='ltr'>Tiberio</span> <span class='ocrx_word' id='word_1_11' title='bbox 452 715 556 791; x_wconf 90' lang='lat' dir='ltr'>iussit,</span> <span class='ocrx_word' id='word_1_12' title='bbox 579 736 770 799; x_wconf 88' lang='lat' dir='ltr'>quamquam</span> <span class='ocrx_word' id='word_1_13' title='bbox 788 724 871 782; x_wconf 89' lang='lat' dir='ltr'>esset</span> <span class='ocrx_word' id='word_1_14' title='bbox 888 717 921 780; x_wconf 92' lang='lat' dir='ltr'>in</span> <span class='ocrx_word' id='word_1_15' title='bbox 938 717 1032 781; x_wconf 93' lang='lat' dir='ltr'>domo</span> <span class='ocrx_word' id='word_1_16' title='bbox 1051 717 1169 784; x_wconf 85' lang='lat' dir='ltr'>Tiberii</span> <span class='ocrx_word' id='word_1_17' title='bbox 1185 721 1270 786; x_wconf 86' lang='lat' dir='ltr'>filius</span> <span class='ocrx_word' id='word_1_18' title='bbox 1288 723 1344 788; x_wconf 91' lang='lat' dir='ltr'>iu-</span> 
     </span>
     <span class='ocr_line' id='line_1_4' title="bbox 306 807 1343 894; baseline 0.011 -21"><span class='ocrx_word' id='word_1_19' title='bbox 306 809 408 887; x_wconf 89' lang='lat' dir='ltr'>venis,</span> <span class='ocrx_word' id='word_1_20' title='bbox 433 810 489 874; x_wconf 88' lang='lat' dir='ltr'>sed</span> <span class='ocrx_word' id='word_1_21' title='bbox 506 831 569 893; x_wconf 90' lang='lat' dir='ltr'>quo</span> <span class='ocrx_word' id='word_1_22' title='bbox 587 807 728 894; x_wconf 87' lang='lat' dir='ltr'>pluribus</span> <span class='ocrx_word' id='word_1_23' title='bbox 751 809 950 875; x_wconf 90' lang='lat' dir='ltr'>munimentis</span> <span class='ocrx_word' id='word_1_24' title='bbox 973 811 1138 878; x_wconf 82' lang='lat' dir='ltr'><strong>insisteret.</strong></span> <span class='ocrx_word' id='word_1_25' title='bbox 1160 812 1281 881; x_wconf 91' lang='lat' dir='ltr'>bellum</span> <span class='ocrx_word' id='word_1_26' title='bbox 1298 841 1343 884; x_wconf 85' lang='lat' dir='ltr'>ea</span> 
     </span>
     <span class='ocr_line' id='line_1_5' title="bbox 306 902 1339 992; baseline 0.009 -24"><span class='ocrx_word' id='word_1_27' title='bbox 306 913 490 988; x_wconf 68' lang='lat' dir='ltr'>tempestate</span> <span class='ocrx_word' id='word_1_28' title='bbox 503 903 624 968; x_wconf 91' lang='lat' dir='ltr'>nullum</span> <span class='ocrx_word' id='word_1_29' title='bbox 636 903 697 968; x_wconf 90' lang='lat' dir='ltr'>nisi</span> <span class='ocrx_word' id='word_1_30' title='bbox 710 903 860 969; x_wconf 90' lang='lat' dir='ltr'>adversus</span> <span class='ocrx_word' id='word_1_31' title='bbox 876 902 1052 970; x_wconf 87' lang='lat' dir='ltr'>Germanos</span> <span class='ocrx_word' id='word_1_32' title='bbox 1067 919 1237 992; x_wconf 81' lang='lat' dir='ltr'>supererat,</span> <span class='ocrx_word' id='word_1_33' title='bbox 1257 910 1339 977; x_wconf 89' lang='lat' dir='ltr'>abo-</span> 
     </span>
     <span class='ocr_line' id='line_1_6' title="bbox 305 996 1339 1084; baseline 0.01 -23"><span class='ocrx_word' id='word_1_34' title='bbox 305 996 416 1063; x_wconf 91' lang='lat' dir='ltr'>lendae</span> <span class='ocrx_word' id='word_1_35' title='bbox 438 998 539 1084; x_wconf 91' lang='lat' dir='ltr'>magis</span> <span class='ocrx_word' id='word_1_36' title='bbox 566 997 713 1062; x_wconf 81' lang='lat' dir='ltr'>infamiae</span> <span class='ocrx_word' id='word_1_37' title='bbox 737 997 777 1062; x_wconf 95' lang='lat' dir='ltr'>ob</span> <span class='ocrx_word' id='word_1_38' title='bbox 800 998 951 1064; x_wconf 89' lang='lat' dir='ltr'>amissum</span> <span class='ocrx_word' id='word_1_39' title='bbox 974 1021 1047 1064; x_wconf 93' lang='lat' dir='ltr'>cum</span> <span class='ocrx_word' id='word_1_40' title='bbox 1070 999 1223 1083; x_wconf 82' lang='lat' dir='ltr'>Quintilio</span> <span class='ocrx_word' id='word_1_41' title='bbox 1247 1004 1339 1072; x_wconf 91' lang='lat' dir='ltr'>Varo</span> 
     </span>
     <span class='ocr_line' id='line_1_7' title="bbox 305 1091 1338 1183; baseline 0.008 -27"><span class='ocrx_word' id='word_1_42' title='bbox 305 1092 477 1159; x_wconf 84' lang='lat' dir='ltr'>exercitum</span> <span class='ocrx_word' id='word_1_43' title='bbox 499 1113 593 1177; x_wconf 93' lang='lat' dir='ltr'>quam</span> <span class='ocrx_word' id='word_1_44' title='bbox 616 1091 760 1176; x_wconf 92' lang='lat' dir='ltr'>cupidine</span> <span class='ocrx_word' id='word_1_45' title='bbox 781 1091 960 1178; x_wconf 85' lang='lat' dir='ltr'>proferendi</span> <span class='ocrx_word' id='word_1_46' title='bbox 981 1094 1103 1179; x_wconf 90' lang='lat' dir='ltr'>imperii</span> <span class='ocrx_word' id='word_1_47' title='bbox 1126 1106 1179 1161; x_wconf 90' lang='lat' dir='ltr'>aut</span> <span class='ocrx_word' id='word_1_48' title='bbox 1202 1098 1338 1183; x_wconf 88' lang='lat' dir='ltr'>dignum</span> 
     </span>
     <span class='ocr_line' id='line_1_8' title="bbox 305 1185 1337 1276; baseline 0.005 -24"><span class='ocrx_word' id='word_1_49' title='bbox 305 1185 346 1252; x_wconf 93' lang='lat' dir='ltr'>ob</span> <span class='ocrx_word' id='word_1_50' title='bbox 363 1187 547 1272; x_wconf 90' lang='lat' dir='ltr'>praemium.</span> <span class='ocrx_word' id='word_1_51' title='bbox 571 1185 656 1250; x_wconf 89' lang='lat' dir='ltr'>domi</span> <span class='ocrx_word' id='word_1_52' title='bbox 673 1207 724 1251; x_wconf 90' lang='lat' dir='ltr'>res</span> <span class='ocrx_word' id='word_1_53' title='bbox 742 1185 942 1270; x_wconf 87' lang='lat' dir='ltr'>tranquillae;</span> <span class='ocrx_word' id='word_1_54' title='bbox 965 1188 1075 1253; x_wconf 91' lang='lat' dir='ltr'>eadem</span> <span class='ocrx_word' id='word_1_55' title='bbox 1093 1191 1337 1276; x_wconf 77' lang='lat' dir='ltr'>magistratuum</span> 
     </span>
     <span class='ocr_line' id='line_1_9' title="bbox 304 1280 1336 1365; baseline 0.009 -21"><span class='ocrx_word' id='word_1_56' title='bbox 304 1280 471 1357; x_wconf 83' lang='lat' dir='ltr'>vocabula3</span> <span class='ocrx_word' id='word_1_57' title='bbox 494 1281 630 1345; x_wconf 92' lang='lat' dir='ltr'>iuniores</span> <span class='ocrx_word' id='word_1_58' title='bbox 652 1288 724 1365; x_wconf 89' lang='lat' dir='ltr'>post</span> <span class='ocrx_word' id='word_1_59' title='bbox 741 1280 905 1346; x_wconf 83' lang='lat' dir='ltr'>Actiacam</span> <span class='ocrx_word' id='word_1_60' title='bbox 925 1282 1100 1360; x_wconf 84' lang='lat' dir='ltr'>victoriam,</span> <span class='ocrx_word' id='word_1_61' title='bbox 1124 1284 1218 1350; x_wconf 85' lang='lat' dir='ltr'>etiam</span> <span class='ocrx_word' id='word_1_62' title='bbox 1241 1309 1336 1354; x_wconf 89' lang='lat' dir='ltr'>senes</span> 
     </span>
     <span class='ocr_line' id='line_1_10' title="bbox 303 1373 1334 1464; baseline 0.009 -27"><span class='ocrx_word' id='word_1_63' title='bbox 303 1374 443 1459; x_wconf 82' lang='lat' dir='ltr'>plerique</span> <span class='ocrx_word' id='word_1_64' title='bbox 466 1374 547 1438; x_wconf 91' lang='lat' dir='ltr'>inter</span> <span class='ocrx_word' id='word_1_65' title='bbox 569 1373 652 1438; x_wconf 93' lang='lat' dir='ltr'>bella</span> <span class='ocrx_word' id='word_1_66' title='bbox 673 1373 789 1439; x_wconf 91' lang='lat' dir='ltr'>civium</span> <span class='ocrx_word' id='word_1_67' title='bbox 811 1375 890 1441; x_wconf 84' lang='lat' dir='ltr'>nati:</span> <span class='ocrx_word' id='word_1_68' title='bbox 918 1377 1167 1461; x_wconf 85' lang='lat' dir='ltr'>quotusquisque</span> <span class='ocrx_word' id='word_1_69' title='bbox 1192 1380 1334 1464; x_wconf 90' lang='lat' dir='ltr'>reliquus</span> 
     </span>
     <span class='ocr_line' id='line_1_11' title="bbox 305 1465 787 1552; baseline 0.004 -22"><span class='ocrx_word' id='word_1_70' title='bbox 305 1467 442 1551; x_wconf 92' lang='lat' dir='ltr'>quirem</span> <span class='ocrx_word' id='word_1_71' title='bbox 460 1465 618 1552; x_wconf 81' lang='lat' dir='ltr'>publicam</span> <span class='ocrx_word' id='word_1_72' title='bbox 637 1467 787 1534; x_wconf 86' lang='lat' dir='ltr'>vidisset?</span> 
     </span>
    </p>

    <p class='ocr_par' dir='ltr' id='par_1_4' title="bbox 270 1561 1335 3434">
     <span class='ocr_line' id='line_1_12' title="bbox 270 1561 1335 1652; baseline 0.009 -29"><span class='ocrx_word' id='word_1_73' title='bbox 270 1584 286 1629; x_wconf 74' lang='lat'>4</span> <span class='ocrx_word' id='word_1_74' title='bbox 367 1561 470 1647; x_wconf 87' lang='lat' dir='ltr'>Igitur</span> <span class='ocrx_word' id='word_1_75' title='bbox 491 1583 582 1626; x_wconf 85' lang='lat' dir='ltr'>verso</span> <span class='ocrx_word' id='word_1_76' title='bbox 604 1561 737 1627; x_wconf 90' lang='lat' dir='ltr'>civitatis</span> <span class='ocrx_word' id='word_1_77' title='bbox 761 1572 844 1629; x_wconf 89' lang='lat' dir='ltr'>statu</span> <span class='ocrx_word' id='word_1_78' title='bbox 861 1563 938 1628; x_wconf 91' lang='lat' dir='ltr'>nihil</span> <span class='ocrx_word' id='word_1_79' title='bbox 960 1587 1094 1649; x_wconf 87' lang='lat' dir='ltr'>usquam</span> <span class='ocrx_word' id='word_1_80' title='bbox 1115 1567 1210 1652; x_wconf 86' lang='lat' dir='ltr'>prisci</span> <span class='ocrx_word' id='word_1_81' title='bbox 1232 1577 1263 1632; x_wconf 89' lang='lat' dir='ltr'>et</span> <span class='ocrx_word' id='word_1_82' title='bbox 1285 1568 1335 1633; x_wconf 94' lang='lat' dir='ltr'>in-</span> 
     </span>
     <span class='ocr_line' id='line_1_13' title="bbox 304 1655 1333 1746; baseline 0.006 -26"><span class='ocrx_word' id='word_1_83' title='bbox 304 1655 383 1742; x_wconf 88' lang='lat' dir='ltr'>tegri</span> <span class='ocrx_word' id='word_1_84' title='bbox 396 1655 506 1734; x_wconf 84' lang='lat' dir='ltr'>moris3</span> <span class='ocrx_word' id='word_1_85' title='bbox 525 1678 633 1721; x_wconf 88' lang='lat' dir='ltr'>omnes</span> <span class='ocrx_word' id='word_1_86' title='bbox 647 1665 742 1722; x_wconf 85' lang='lat' dir='ltr'>exuta</span> <span class='ocrx_word' id='word_1_87' title='bbox 755 1658 941 1741; x_wconf 86' lang='lat' dir='ltr'>aequalitate</span> <span class='ocrx_word' id='word_1_88' title='bbox 954 1659 1041 1724; x_wconf 89' lang='lat' dir='ltr'>iussa</span> <span class='ocrx_word' id='word_1_89' title='bbox 1052 1660 1201 1746; x_wconf 91' lang='lat' dir='ltr'>principis</span> <span class='ocrx_word' id='word_1_90' title='bbox 1220 1684 1333 1746; x_wconf 90' lang='lat' dir='ltr'>aspec-</span> 
     </span>
     <span class='ocr_line' id='line_1_14' title="bbox 303 1749 1334 1840; baseline 0.007 -26"><span class='ocrx_word' id='word_1_91' title='bbox 303 1759 382 1826; x_wconf 87' lang='lat' dir='ltr'>tare,</span> <span class='ocrx_word' id='word_1_92' title='bbox 406 1749 492 1814; x_wconf 84' lang='lat' dir='ltr'>nulla</span> <span class='ocrx_word' id='word_1_93' title='bbox 513 1750 547 1815; x_wconf 94' lang='lat' dir='ltr'>in</span> <span class='ocrx_word' id='word_1_94' title='bbox 567 1771 716 1835; x_wconf 87' lang='lat' dir='ltr'>praesens</span> <span class='ocrx_word' id='word_1_95' title='bbox 738 1751 918 1830; x_wconf 85' lang='lat' dir='ltr'>formidine,</span> <span class='ocrx_word' id='word_1_96' title='bbox 942 1753 1017 1816; x_wconf 90' lang='lat' dir='ltr'>dum</span> <span class='ocrx_word' id='word_1_97' title='bbox 1039 1751 1207 1840; x_wconf 84' lang='lat' dir='ltr'>Augustus</span> <span class='ocrx_word' id='word_1_98' title='bbox 1230 1765 1334 1821; x_wconf 87' lang='lat' dir='ltr'>aetate</span> 
     </span>
     <span class='ocr_line' id='line_1_15' title="bbox 302 1845 1334 1933; baseline 0.005 -23"><span class='ocrx_word' id='word_1_99' title='bbox 302 1845 425 1910; x_wconf 90' lang='lat' dir='ltr'>validus</span> <span class='ocrx_word' id='word_1_100' title='bbox 449 1866 545 1928; x_wconf 87' lang='lat' dir='ltr'>seque</span> <span class='ocrx_word' id='word_1_101' title='bbox 563 1855 594 1909; x_wconf 90' lang='lat' dir='ltr'>et</span> <span class='ocrx_word' id='word_1_102' title='bbox 612 1846 739 1911; x_wconf 92' lang='lat' dir='ltr'>domum</span> <span class='ocrx_word' id='word_1_103' title='bbox 758 1855 788 1910; x_wconf 88' lang='lat' dir='ltr'>et</span> <span class='ocrx_word' id='word_1_104' title='bbox 809 1868 919 1932; x_wconf 92' lang='lat' dir='ltr'>pacem</span> <span class='ocrx_word' id='word_1_105' title='bbox 942 1848 1141 1912; x_wconf 86' lang='lat' dir='ltr'>sustentavit:</span> <span class='ocrx_word' id='word_1_106' title='bbox 1164 1859 1334 1933; x_wconf 83' lang='lat' dir='ltr'>postquam</span> 
     </span>
     <span class='ocr_line' id='line_1_16' title="bbox 302 1940 1334 2028; baseline 0.004 -24"><span class='ocrx_word' id='word_1_107' title='bbox 302 1948 452 2028; x_wconf 85' lang='lat' dir='ltr'>provecta</span> <span class='ocrx_word' id='word_1_108' title='bbox 462 1940 526 2004; x_wconf 91' lang='lat' dir='ltr'>iam</span> <span class='ocrx_word' id='word_1_109' title='bbox 540 1950 684 2005; x_wconf 89' lang='lat' dir='ltr'>senectus</span> <span class='ocrx_word' id='word_1_110' title='bbox 699 1963 793 2027; x_wconf 87' lang='lat' dir='ltr'>aegro</span> <span class='ocrx_word' id='word_1_111' title='bbox 807 1952 838 2005; x_wconf 90' lang='lat' dir='ltr'>et</span> <span class='ocrx_word' id='word_1_112' title='bbox 852 1962 981 2026; x_wconf 88' lang='lat' dir='ltr'>corpore</span> <span class='ocrx_word' id='word_1_113' title='bbox 994 1941 1194 2028; x_wconf 84' lang='lat' dir='ltr'>fatigabatur,</span> <span class='ocrx_word' id='word_1_114' title='bbox 1210 1944 1334 2008; x_wconf 90' lang='lat' dir='ltr'>aderat-</span> 
     </span>
     <span class='ocr_line' id='line_1_17' title="bbox 302 2032 1333 2120; baseline 0.003 -21"><span class='ocrx_word' id='word_1_115' title='bbox 302 2056 363 2118; x_wconf 91' lang='lat' dir='ltr'>que</span> <span class='ocrx_word' id='word_1_116' title='bbox 385 2033 457 2099; x_wconf 93' lang='lat' dir='ltr'>finis</span> <span class='ocrx_word' id='word_1_117' title='bbox 481 2043 511 2099; x_wconf 94' lang='lat' dir='ltr'>et</span> <span class='ocrx_word' id='word_1_118' title='bbox 534 2056 606 2119; x_wconf 88' lang='lat' dir='ltr'>spes</span> <span class='ocrx_word' id='word_1_119' title='bbox 629 2057 743 2112; x_wconf 89' lang='lat' dir='ltr'>novae,</span> <span class='ocrx_word' id='word_1_120' title='bbox 767 2035 859 2120; x_wconf 90' lang='lat' dir='ltr'>pauci</span> <span class='ocrx_word' id='word_1_121' title='bbox 882 2032 965 2099; x_wconf 92' lang='lat' dir='ltr'>bona</span> <span class='ocrx_word' id='word_1_122' title='bbox 985 2035 1136 2102; x_wconf 84' lang='lat' dir='ltr'>libertatis</span> <span class='ocrx_word' id='word_1_123' title='bbox 1154 2037 1187 2100; x_wconf 91' lang='lat' dir='ltr'>in</span> <span class='ocrx_word' id='word_1_124' title='bbox 1205 2059 1333 2102; x_wconf 90' lang='lat' dir='ltr'>cassum</span> 
     </span>
     <span class='ocr_line' id='line_1_18' title="bbox 302 2130 1333 2217; baseline 0.004 -23"><span class='ocrx_word' id='word_1_125' title='bbox 302 2131 464 2206; x_wconf 84' lang='lat' dir='ltr'>disserere,</span> <span class='ocrx_word' id='word_1_126' title='bbox 482 2130 588 2215; x_wconf 87' lang='lat' dir='ltr'>plures</span> <span class='ocrx_word' id='word_1_127' title='bbox 602 2130 720 2196; x_wconf 90' lang='lat' dir='ltr'>bellum</span> <span class='ocrx_word' id='word_1_128' title='bbox 732 2151 911 2215; x_wconf 81' lang='lat' dir='ltr'>pavescere,</span> <span class='ocrx_word' id='word_1_129' title='bbox 930 2130 982 2196; x_wconf 88' lang='lat' dir='ltr'>alii</span> <span class='ocrx_word' id='word_1_130' title='bbox 1000 2152 1128 2217; x_wconf 86' lang='lat' dir='ltr'>cupere3</span> <span class='ocrx_word' id='word_1_131' title='bbox 1145 2155 1218 2217; x_wconf 87' lang='lat' dir='ltr'>pars</span> <span class='ocrx_word' id='word_1_132' title='bbox 1232 2133 1333 2198; x_wconf 92' lang='lat' dir='ltr'>multo</span> 
     </span>
     <span class='ocr_line' id='line_1_19' title="bbox 302 2223 1331 2291; baseline 0.003 -5"><span class='ocrx_word' id='word_1_133' title='bbox 302 2223 439 2288; x_wconf 89' lang='lat' dir='ltr'>maxima</span> <span class='ocrx_word' id='word_1_134' title='bbox 456 2223 636 2288; x_wconf 89' lang='lat' dir='ltr'>inminentis</span> <span class='ocrx_word' id='word_1_135' title='bbox 655 2225 798 2288; x_wconf 91' lang='lat' dir='ltr'>dominos</span> <span class='ocrx_word' id='word_1_136' title='bbox 821 2223 915 2290; x_wconf 85' lang='lat' dir='ltr'>variis</span> <span class='ocrx_word' id='word_1_137' title='bbox 934 2223 1111 2290; x_wconf 90' lang='lat' dir='ltr'>rumoribus</span> <span class='ocrx_word' id='word_1_138' title='bbox 1129 2224 1331 2291; x_wconf 85' lang='lat' dir='ltr'>differebant:</span> 
     </span>
     <span class='ocr_line' id='line_1_20' title="bbox 302 2317 1332 2403; baseline 0.002 -21"><span class='ocrx_word' id='word_1_139' title='bbox 302 2327 421 2382; x_wconf 82' lang='lat' dir='ltr'>trucem</span> <span class='ocrx_word' id='word_1_140' title='bbox 434 2317 611 2402; x_wconf 87' lang='lat' dir='ltr'>Agrippam</span> <span class='ocrx_word' id='word_1_141' title='bbox 626 2327 657 2380; x_wconf 93' lang='lat' dir='ltr'>et</span> <span class='ocrx_word' id='word_1_142' title='bbox 669 2318 840 2403; x_wconf 85' lang='lat' dir='ltr'>ignominia</span> <span class='ocrx_word' id='word_1_143' title='bbox 854 2339 1020 2382; x_wconf 87' lang='lat' dir='ltr'>accensum</span> <span class='ocrx_word' id='word_1_144' title='bbox 1033 2341 1097 2383; x_wconf 92' lang='lat' dir='ltr'>non</span> <span class='ocrx_word' id='word_1_145' title='bbox 1110 2328 1211 2384; x_wconf 88' lang='lat' dir='ltr'>aetate</span> <span class='ocrx_word' id='word_1_146' title='bbox 1227 2340 1332 2403; x_wconf 90' lang='lat' dir='ltr'>neque</span> 
     </span>
     <span class='ocr_line' id='line_1_21' title="bbox 301 2411 1330 2496; baseline 0.004 -22"><span class='ocrx_word' id='word_1_147' title='bbox 301 2432 405 2475; x_wconf 91' lang='lat' dir='ltr'>rerum</span> <span class='ocrx_word' id='word_1_148' title='bbox 423 2411 614 2495; x_wconf 87' lang='lat' dir='ltr'>experientia</span> <span class='ocrx_word' id='word_1_149' title='bbox 632 2421 735 2476; x_wconf 87' lang='lat' dir='ltr'>tantae</span> <span class='ocrx_word' id='word_1_150' title='bbox 754 2411 828 2476; x_wconf 91' lang='lat' dir='ltr'>moli</span> <span class='ocrx_word' id='word_1_151' title='bbox 845 2434 967 2496; x_wconf 82' lang='lat' dir='ltr'>parem3</span> <span class='ocrx_word' id='word_1_152' title='bbox 990 2412 1152 2477; x_wconf 89' lang='lat' dir='ltr'>Tiberium</span> <span class='ocrx_word' id='word_1_153' title='bbox 1170 2413 1330 2479; x_wconf 88' lang='lat' dir='ltr'>Neronem</span> 
     </span>
     <span class='ocr_line' id='line_1_22' title="bbox 300 2505 1333 2592; baseline 0.004 -24"><span class='ocrx_word' id='word_1_154' title='bbox 300 2515 457 2568; x_wconf 88' lang='lat' dir='ltr'>maturum</span> <span class='ocrx_word' id='word_1_155' title='bbox 480 2505 585 2581; x_wconf 91' lang='lat' dir='ltr'>annis,</span> <span class='ocrx_word' id='word_1_156' title='bbox 609 2515 783 2590; x_wconf 87' lang='lat' dir='ltr'>spectatum</span> <span class='ocrx_word' id='word_1_157' title='bbox 801 2505 897 2583; x_wconf 89' lang='lat' dir='ltr'>bello,</span> <span class='ocrx_word' id='word_1_158' title='bbox 921 2507 977 2572; x_wconf 89' lang='lat' dir='ltr'>sed</span> <span class='ocrx_word' id='word_1_159' title='bbox 998 2517 1103 2572; x_wconf 86' lang='lat' dir='ltr'>vetere</span> <span class='ocrx_word' id='word_1_160' title='bbox 1125 2519 1218 2592; x_wconf 89' lang='lat' dir='ltr'>atque</span> <span class='ocrx_word' id='word_1_161' title='bbox 1235 2508 1333 2572; x_wconf 90' lang='lat' dir='ltr'>insita</span> 
     </span>
     <span class='ocr_line' id='line_1_23' title="bbox 303 2596 1330 2684; baseline 0.003 -22"><span class='ocrx_word' id='word_1_162' title='bbox 303 2596 454 2662; x_wconf 90' lang='lat' dir='ltr'>Claudiae</span> <span class='ocrx_word' id='word_1_163' title='bbox 480 2597 617 2662; x_wconf 86' lang='lat' dir='ltr'>familiae</span> <span class='ocrx_word' id='word_1_164' title='bbox 645 2598 804 2683; x_wconf 88' lang='lat' dir='ltr'>superbia,</span> <span class='ocrx_word' id='word_1_165' title='bbox 835 2599 995 2684; x_wconf 89' lang='lat' dir='ltr'>multaque</span> <span class='ocrx_word' id='word_1_166' title='bbox 1025 2601 1141 2666; x_wconf 87' lang='lat' dir='ltr'>indicia</span> <span class='ocrx_word' id='word_1_167' title='bbox 1171 2601 1330 2678; x_wconf 88' lang='lat' dir='ltr'>saevitiae,</span> 
     </span>
     <span class='ocr_line' id='line_1_24' title="bbox 301 2693 1332 2780; baseline 0.003 -25"><span class='ocrx_word' id='word_1_168' title='bbox 301 2713 492 2774; x_wconf 87' lang='lat' dir='ltr'>quamquam</span> <span class='ocrx_word' id='word_1_169' title='bbox 517 2702 711 2776; x_wconf 88' lang='lat' dir='ltr'>premantur,</span> <span class='ocrx_word' id='word_1_170' title='bbox 740 2715 915 2778; x_wconf 84' lang='lat' dir='ltr'>erumpere3</span> <span class='ocrx_word' id='word_1_171' title='bbox 941 2694 1025 2759; x_wconf 92' lang='lat' dir='ltr'>huno</span> <span class='ocrx_word' id='word_1_172' title='bbox 1047 2703 1078 2760; x_wconf 89' lang='lat' dir='ltr'>et</span> <span class='ocrx_word' id='word_1_173' title='bbox 1099 2694 1200 2780; x_wconf 89' lang='lat' dir='ltr'>prima</span> <span class='ocrx_word' id='word_1_174' title='bbox 1221 2693 1261 2758; x_wconf 90' lang='lat' dir='ltr'>ab</span> <span class='ocrx_word' id='word_1_175' title='bbox 1283 2694 1332 2758; x_wconf 92' lang='lat' dir='ltr'>in-</span> 
     </span>
     <span class='ocr_line' id='line_1_25' title="bbox 300 2785 1330 2874; baseline 0.005 -26"><span class='ocrx_word' id='word_1_176' title='bbox 300 2785 399 2849; x_wconf 84' lang='lat' dir='ltr'>fantia</span> <span class='ocrx_word' id='word_1_177' title='bbox 417 2786 563 2852; x_wconf 90' lang='lat' dir='ltr'>eductum</span> <span class='ocrx_word' id='word_1_178' title='bbox 580 2786 614 2850; x_wconf 93' lang='lat' dir='ltr'>in</span> <span class='ocrx_word' id='word_1_179' title='bbox 632 2786 725 2851; x_wconf 92' lang='lat' dir='ltr'>domo</span> <span class='ocrx_word' id='word_1_180' title='bbox 742 2788 929 2874; x_wconf 88' lang='lat' dir='ltr'>regnatrice3</span> <span class='ocrx_word' id='word_1_181' title='bbox 948 2797 1114 2874; x_wconf 90' lang='lat' dir='ltr'>congestos</span> <span class='ocrx_word' id='word_1_182' title='bbox 1132 2787 1238 2852; x_wconf 83' lang='lat' dir='ltr'>iuveni</span> <span class='ocrx_word' id='word_1_183' title='bbox 1256 2810 1330 2853; x_wconf 90' lang='lat' dir='ltr'>eon-</span> 
     </span>
     <span class='ocr_line' id='line_1_26' title="bbox 301 2878 1330 2966; baseline 0.002 -22"><span class='ocrx_word' id='word_1_184' title='bbox 301 2878 435 2957; x_wconf 86' lang='lat' dir='ltr'>sulatus,</span> <span class='ocrx_word' id='word_1_185' title='bbox 464 2879 636 2966; x_wconf 92' lang='lat' dir='ltr'>triumphos</span> <span class='ocrx_word' id='word_1_186' title='bbox 643 2905 652 2958; x_wconf 94' lang='lat'>;</span> <span class='ocrx_word' id='word_1_187' title='bbox 679 2903 718 2944; x_wconf 88' lang='lat' dir='ltr'>ne</span> <span class='ocrx_word' id='word_1_188' title='bbox 740 2881 779 2946; x_wconf 91' lang='lat' dir='ltr'>iis</span> <span class='ocrx_word' id='word_1_189' title='bbox 802 2882 927 2965; x_wconf 91' lang='lat' dir='ltr'>quidem</span> <span class='ocrx_word' id='word_1_190' title='bbox 954 2883 1059 2959; x_wconf 88' lang='lat' dir='ltr'>annis,</span> <span class='ocrx_word' id='word_1_191' title='bbox 1087 2881 1200 2966; x_wconf 91' lang='lat' dir='ltr'>quibus</span> <span class='ocrx_word' id='word_1_192' title='bbox 1222 2881 1330 2947; x_wconf 88' lang='lat' dir='ltr'>Rhodi</span> 
     </span>
     <span class='ocr_line' id='line_1_27' title="bbox 302 2973 1330 3062; baseline 0.002 -24"><span class='ocrx_word' id='word_1_193' title='bbox 302 2973 406 3059; x_wconf 90' lang='lat' dir='ltr'>specie</span> <span class='ocrx_word' id='word_1_194' title='bbox 420 2997 563 3040; x_wconf 90' lang='lat' dir='ltr'>secessus</span> <span class='ocrx_word' id='word_1_195' title='bbox 582 2975 705 3040; x_wconf 83' lang='lat' dir='ltr'>exulem</span> <span class='ocrx_word' id='word_1_196' title='bbox 720 2976 826 3062; x_wconf 88' lang='lat' dir='ltr'>egerit,</span> <span class='ocrx_word' id='word_1_197' title='bbox 846 2976 963 3060; x_wconf 89' lang='lat' dir='ltr'>aliquid</span> <span class='ocrx_word' id='word_1_198' title='bbox 976 2999 1070 3061; x_wconf 91' lang='lat' dir='ltr'>quam</span> <span class='ocrx_word' id='word_1_199' title='bbox 1088 2977 1165 3040; x_wconf 91' lang='lat' dir='ltr'>iram</span> <span class='ocrx_word' id='word_1_200' title='bbox 1184 2985 1215 3040; x_wconf 95' lang='lat' dir='ltr'>et</span> <span class='ocrx_word' id='word_1_201' title='bbox 1233 2976 1330 3041; x_wconf 90' lang='lat' dir='ltr'>simu-</span> 
     </span>
     <span class='ocr_line' id='line_1_28' title="bbox 301 3068 1330 3148; baseline 0.003 -16"><span class='ocrx_word' id='word_1_202' title='bbox 301 3068 448 3134; x_wconf 86' lang='lat' dir='ltr'>lationem</span> <span class='ocrx_word' id='word_1_203' title='bbox 467 3079 498 3134; x_wconf 88' lang='lat' dir='ltr'>et</span> <span class='ocrx_word' id='word_1_204' title='bbox 512 3080 647 3136; x_wconf 89' lang='lat' dir='ltr'>secretas</span> <span class='ocrx_word' id='word_1_205' title='bbox 661 3070 806 3135; x_wconf 92' lang='lat' dir='ltr'>libidines</span> <span class='ocrx_word' id='word_1_206' title='bbox 820 3071 1018 3148; x_wconf 70' lang='lat' dir='ltr'>meditatum</span> <span class='ocrx_word' id='word_1_207' title='bbox 1036 3071 1184 3134; x_wconf 89' lang='lat' dir='ltr'>accedere</span> <span class='ocrx_word' id='word_1_208' title='bbox 1197 3079 1330 3136; x_wconf 87' lang='lat' dir='ltr'>matrem</span> 
     </span>
     <span class='ocr_line' id='line_1_29' title="bbox 300 3163 1331 3251; baseline 0 -24"><span class='ocrx_word' id='word_1_209' title='bbox 300 3163 444 3230; x_wconf 91' lang='lat' dir='ltr'>muliebri</span> <span class='ocrx_word' id='word_1_210' title='bbox 468 3164 655 3251; x_wconf 87' lang='lat' dir='ltr'>inpotentia:</span> <span class='ocrx_word' id='word_1_211' title='bbox 683 3164 880 3229; x_wconf 88' lang='lat' dir='ltr'>serviendum</span> <span class='ocrx_word' id='word_1_212' title='bbox 907 3164 1042 3231; x_wconf 87' lang='lat' dir='ltr'>feminae</span> <span class='ocrx_word' id='word_1_213' title='bbox 1069 3163 1256 3247; x_wconf 90' lang='lat' dir='ltr'>duobusque</span> <span class='ocrx_word' id='word_1_214' title='bbox 1282 3165 1331 3227; x_wconf 88' lang='lat' dir='ltr'>in-</span> 
     </span>
     <span class='ocr_line' id='line_1_30' title="bbox 301 3258 1328 3343; baseline 0.002 -23"><span class='ocrx_word' id='word_1_215' title='bbox 301 3280 395 3342; x_wconf 90' lang='lat' dir='ltr'>super</span> <span class='ocrx_word' id='word_1_216' title='bbox 413 3258 680 3334; x_wconf 87' lang='lat' dir='ltr'>adulescentibus,</span> <span class='ocrx_word' id='word_1_217' title='bbox 704 3259 757 3342; x_wconf 93' lang='lat' dir='ltr'>qui</span> <span class='ocrx_word' id='word_1_218' title='bbox 775 3281 841 3322; x_wconf 89' lang='lat' dir='ltr'>rem</span> <span class='ocrx_word' id='word_1_219' title='bbox 858 3258 1017 3343; x_wconf 92' lang='lat' dir='ltr'>publicam</span> <span class='ocrx_word' id='word_1_220' title='bbox 1034 3259 1157 3323; x_wconf 91' lang='lat' dir='ltr'>interim</span> <span class='ocrx_word' id='word_1_221' title='bbox 1175 3269 1328 3343; x_wconf 88' lang='lat' dir='ltr'>premant,</span> 
     </span>
     <span class='ocr_line' id='line_1_31' title="bbox 300 3352 688 3434; baseline 0.008 -20"><span class='ocrx_word' id='word_1_222' title='bbox 300 3352 487 3434; x_wconf 90' lang='lat' dir='ltr'>quandoque</span> <span class='ocrx_word' id='word_1_223' title='bbox 506 3353 688 3417; x_wconf 90' lang='lat' dir='ltr'>distrahant.</span> 
     </span>
    </p>

    <p class='ocr_par' dir='ltr' id='par_1_5' title="bbox 267 3444 1447 4286">
     <span class='ocr_line' id='line_1_32' title="bbox 267 3444 1329 3536; baseline -0.001 -23"><span class='ocrx_word' id='word_1_224' title='bbox 267 3469 281 3513; x_wconf 80' lang='lat' dir='ltr'>s</span> <span class='ocrx_word' id='word_1_225' title='bbox 363 3444 455 3509; x_wconf 88' lang='lat' dir='ltr'>Haec</span> <span class='ocrx_word' id='word_1_226' title='bbox 473 3454 567 3528; x_wconf 90' lang='lat' dir='ltr'>atque</span> <span class='ocrx_word' id='word_1_227' title='bbox 584 3447 659 3511; x_wconf 88' lang='lat' dir='ltr'>talia</span> <span class='ocrx_word' id='word_1_228' title='bbox 680 3447 872 3534; x_wconf 82' lang='lat' dir='ltr'>agitantibus</span> <span class='ocrx_word' id='word_1_229' title='bbox 894 3470 1078 3536; x_wconf 85' lang='lat' dir='ltr'>gravescere</span> <span class='ocrx_word' id='word_1_230' title='bbox 1102 3448 1241 3514; x_wconf 86' lang='lat' dir='ltr'>valitudo</span> <span class='ocrx_word' id='word_1_231' title='bbox 1258 3446 1329 3513; x_wconf 88' lang='lat' dir='ltr'>Au-</span> 
     </span>
     <span class='ocr_line' id='line_1_33' title="bbox 300 3538 1330 3630; baseline 0.005 -29"><span class='ocrx_word' id='word_1_232' title='bbox 300 3538 385 3624; x_wconf 89' lang='lat' dir='ltr'>gusti</span> <span class='ocrx_word' id='word_1_233' title='bbox 390 3563 398 3617; x_wconf 83' lang='lat'>3</span> <span class='ocrx_word' id='word_1_234' title='bbox 418 3548 448 3603; x_wconf 90' lang='lat' dir='ltr'>et</span> <span class='ocrx_word' id='word_1_235' title='bbox 461 3539 589 3623; x_wconf 88' lang='lat' dir='ltr'>quidam</span> <span class='ocrx_word' id='word_1_236' title='bbox 604 3541 706 3607; x_wconf 90' lang='lat' dir='ltr'>scelus</span> <span class='ocrx_word' id='word_1_237' title='bbox 720 3541 826 3607; x_wconf 87' lang='lat' dir='ltr'>uxoris</span> <span class='ocrx_word' id='word_1_238' title='bbox 840 3542 1076 3630; x_wconf 86' lang='lat' dir='ltr'>suspectabant:</span> <span class='ocrx_word' id='word_1_239' title='bbox 1095 3543 1211 3628; x_wconf 91' lang='lat' dir='ltr'>quippe</span> <span class='ocrx_word' id='word_1_240' title='bbox 1223 3564 1330 3607; x_wconf 89' lang='lat' dir='ltr'>rumor</span> 
     </span>
     <span class='ocr_line' id='line_1_34' title="bbox 299 3635 1328 3724; baseline 0.004 -26"><span class='ocrx_word' id='word_1_241' title='bbox 299 3635 479 3713; x_wconf 89' lang='lat' dir='ltr'>incesserat,</span> <span class='ocrx_word' id='word_1_242' title='bbox 498 3656 617 3721; x_wconf 89' lang='lat' dir='ltr'>paucos</span> <span class='ocrx_word' id='word_1_243' title='bbox 636 3645 707 3701; x_wconf 92' lang='lat' dir='ltr'>ante</span> <span class='ocrx_word' id='word_1_244' title='bbox 725 3659 850 3704; x_wconf 89' lang='lat' dir='ltr'>menses</span> <span class='ocrx_word' id='word_1_245' title='bbox 868 3638 1052 3724; x_wconf 84' lang='lat' dir='ltr'>Augustum</span> <span class='ocrx_word' id='word_1_246' title='bbox 1070 3637 1176 3702; x_wconf 89' lang='lat' dir='ltr'>electis</span> <span class='ocrx_word' id='word_1_247' title='bbox 1195 3636 1328 3702; x_wconf 89' lang='lat' dir='ltr'>consciis</span> 
     </span>
     <span class='ocr_line' id='line_1_35' title="bbox 300 3728 1330 3798; baseline 0 -4"><span class='ocrx_word' id='word_1_248' title='bbox 300 3739 331 3794; x_wconf 88' lang='lat' dir='ltr'>et</span> <span class='ocrx_word' id='word_1_249' title='bbox 349 3729 461 3795; x_wconf 89' lang='lat' dir='ltr'>comite</span> <span class='ocrx_word' id='word_1_250' title='bbox 479 3752 542 3795; x_wconf 94' lang='lat' dir='ltr'>uno</span> <span class='ocrx_word' id='word_1_251' title='bbox 555 3728 655 3795; x_wconf 88' lang='lat' dir='ltr'>Fabio</span> <span class='ocrx_word' id='word_1_252' title='bbox 669 3729 812 3797; x_wconf 87' lang='lat' dir='ltr'>Maximo</span> <span class='ocrx_word' id='word_1_253' title='bbox 826 3732 1007 3798; x_wconf 89' lang='lat' dir='ltr'>Planasiam</span> <span class='ocrx_word' id='word_1_254' title='bbox 1024 3740 1150 3797; x_wconf 88' lang='lat' dir='ltr'>vectum</span> <span class='ocrx_word' id='word_1_255' title='bbox 1167 3731 1208 3796; x_wconf 88' lang='lat' dir='ltr'>ad</span> <span class='ocrx_word' id='word_1_256' title='bbox 1226 3731 1330 3796; x_wconf 82' lang='lat' dir='ltr'>visen·</span> 
     </span>
     <span class='ocr_line' id='line_1_36' title="bbox 300 3821 1330 3911; baseline 0 -24"><span class='ocrx_word' id='word_1_257' title='bbox 300 3824 375 3887; x_wconf 93' lang='lat' dir='ltr'>dum</span> <span class='ocrx_word' id='word_1_258' title='bbox 397 3821 592 3911; x_wconf 67' lang='lat' dir='ltr'>Agrippam</span> <span class='ocrx_word' id='word_1_259' title='bbox 619 3823 732 3890; x_wconf 86' lang='lat' dir='ltr'>multas</span> <span class='ocrx_word' id='word_1_260' title='bbox 755 3825 819 3890; x_wconf 90' lang='lat' dir='ltr'>illic</span> <span class='ocrx_word' id='word_1_261' title='bbox 840 3826 996 3909; x_wconf 88' lang='lat' dir='ltr'>utrimque</span> <span class='ocrx_word' id='word_1_262' title='bbox 1017 3825 1161 3891; x_wconf 89' lang='lat' dir='ltr'>lacrimas</span> <span class='ocrx_word' id='word_1_263' title='bbox 1185 3833 1216 3888; x_wconf 94' lang='lat' dir='ltr'>et</span> <span class='ocrx_word' id='word_1_264' title='bbox 1238 3824 1330 3910; x_wconf 89' lang='lat' dir='ltr'>signa</span> 
     </span>
     <span class='ocr_line' id='line_1_37' title="bbox 300 3915 1329 4005; baseline -0.001 -24"><span class='ocrx_word' id='word_1_265' title='bbox 300 3918 437 3982; x_wconf 91' lang='lat' dir='ltr'>caritatis</span> <span class='ocrx_word' id='word_1_266' title='bbox 452 3941 603 4004; x_wconf 90' lang='lat' dir='ltr'>spemque</span> <span class='ocrx_word' id='word_1_267' title='bbox 619 3941 718 3997; x_wconf 85' lang='lat' dir='ltr'>exeo,</span> <span class='ocrx_word' id='word_1_268' title='bbox 737 3919 804 3983; x_wconf 85' lang='lat' dir='ltr'>fore</span> <span class='ocrx_word' id='word_1_269' title='bbox 819 3929 853 3983; x_wconf 90' lang='lat' dir='ltr'>ut</span> <span class='ocrx_word' id='word_1_270' title='bbox 871 3919 992 3984; x_wconf 91' lang='lat' dir='ltr'>iuvenis</span> <span class='ocrx_word' id='word_1_271' title='bbox 1010 3917 1176 4005; x_wconf 88' lang='lat' dir='ltr'>penatibus</span> <span class='ocrx_word' id='word_1_272' title='bbox 1190 3916 1241 3982; x_wconf 89' lang='lat' dir='ltr'>avi</span> <span class='ocrx_word' id='word_1_273' title='bbox 1258 3915 1329 3981; x_wconf 91' lang='lat' dir='ltr'>red-</span> 
     </span>
     <span class='ocr_line' id='line_1_38' title="bbox 300 4011 1328 4099; baseline -0.002 -23"><span class='ocrx_word' id='word_1_274' title='bbox 300 4014 438 4092; x_wconf 83' lang='lat' dir='ltr'>deretur3</span> <span class='ocrx_word' id='word_1_275' title='bbox 462 4016 547 4098; x_wconf 92' lang='lat' dir='ltr'>quod</span> <span class='ocrx_word' id='word_1_276' title='bbox 569 4015 748 4080; x_wconf 81' lang='lat' dir='ltr'>Maximum</span> <span class='ocrx_word' id='word_1_277' title='bbox 769 4015 859 4079; x_wconf 88' lang='lat' dir='ltr'>uxori</span> <span class='ocrx_word' id='word_1_278' title='bbox 882 4013 1022 4079; x_wconf 87' lang='lat' dir='ltr'>Marciae</span> <span class='ocrx_word' id='word_1_279' title='bbox 1045 4013 1219 4099; x_wconf 89' lang='lat' dir='ltr'>aperuisse,</span> <span class='ocrx_word' id='word_1_280' title='bbox 1242 4011 1328 4076; x_wconf 91' lang='lat' dir='ltr'>illam</span> 
     </span>
     <span class='ocr_line' id='line_1_39' title="bbox 299 4101 1447 4194; baseline -0.002 -22"><span class='ocrx_word' id='word_1_281' title='bbox 299 4105 422 4172; x_wconf 84' lang='lat' dir='ltr'>Liviae.</span> <span class='ocrx_word' id='word_1_282' title='bbox 453 4111 601 4194; x_wconf 83' lang='lat' dir='ltr'>ignarum</span> <span class='ocrx_word' id='word_1_283' title='bbox 623 4110 656 4173; x_wconf 91' lang='lat' dir='ltr'>id</span> <span class='ocrx_word' id='word_1_284' title='bbox 679 4108 823 4187; x_wconf 81' lang='lat' dir='ltr'>Caesari3</span> <span class='ocrx_word' id='word_1_285' title='bbox 850 4129 951 4192; x_wconf 94' lang='lat' dir='ltr'>neque</span> <span class='ocrx_word' id='word_1_286' title='bbox 977 4105 1076 4172; x_wconf 91' lang='lat' dir='ltr'>multo</span> <span class='ocrx_word' id='word_1_287' title='bbox 1097 4116 1170 4194; x_wconf 88' lang='lat' dir='ltr'>post</span> <span class='ocrx_word' id='word_1_288' title='bbox 1192 4104 1328 4171; x_wconf 84' lang='lat' dir='ltr'>extincto</span> <span class='ocrx_word' id='word_1_289' title='bbox 1438 4101 1447 4126; x_wconf 76' lang='lat'><em>⁶</em></span> 
     </span>
     <span class='ocr_line' id='line_1_40' title="bbox 299 4199 1327 4286; baseline -0.001 -21"><span class='ocrx_word' id='word_1_290' title='bbox 299 4199 451 4276; x_wconf 79' lang='lat' dir='ltr'>Maxime,</span> <span class='ocrx_word' id='word_1_291' title='bbox 471 4202 601 4267; x_wconf 91' lang='lat' dir='ltr'>dubium</span> <span class='ocrx_word' id='word_1_292' title='bbox 616 4226 656 4266; x_wconf 88' lang='lat' dir='ltr'>an</span> <span class='ocrx_word' id='word_1_293' title='bbox 670 4203 811 4286; x_wconf 89' lang='lat' dir='ltr'>quaesita</span> <span class='ocrx_word' id='word_1_294' title='bbox 823 4213 930 4279; x_wconf 87' lang='lat' dir='ltr'>morte,</span> <span class='ocrx_word' id='word_1_295' title='bbox 950 4201 1072 4266; x_wconf 84' lang='lat' dir='ltr'>auditos</span> <span class='ocrx_word' id='word_1_296' title='bbox 1085 4201 1117 4265; x_wconf 89' lang='lat' dir='ltr'>in</span> <span class='ocrx_word' id='word_1_297' title='bbox 1131 4200 1241 4266; x_wconf 85' lang='lat' dir='ltr'>funere</span> <span class='ocrx_word' id='word_1_298' title='bbox 1259 4199 1327 4264; x_wconf 85' lang='lat' dir='ltr'>eius</span> 
     </span>
    </p>
   </div>
   <div class='ocr_carea' id='block_1_4' title="bbox 0 0 1484 4960">
    <p class='ocr_par' dir='ltr' id='par_1_6' title="bbox 0 0 1484 4960">
     <span class='ocr_line' id='line_1_41' title="bbox 0 0 1484 4960; baseline 0 4"><span class='ocrx_word' id='word_1_299' title='bbox 0 0 1484 4960; x_wconf 95' lang='lat' dir='ltr'> </span> 
     </span>
    </p>
   </div>
  </div>
 </body>
</html>
