3020 4958
334 414 397 482 306
681 421 863 478 coannnu
878 418 1012 476 sacrm

1253 517 1273 548 a.
1283 519 1305 548 u.
1316 510 1365 549 818.

333 583 501 657 Proculus,
519 579 708 646 occidendae
726 578 834 642 matris
852 577 985 642 Neronis
1003 577 1084 640 inter
1100 575 1276 653 ministros,
1300 600 1367 642 non

332 703 373 744 ex
390 675 606 764 magnitudine
625 673 750 768 sceleris
769 682 951 757 provectus,
975 681 1010 735 ut
1027 669 1169 748 rebatur3
1192 672 1220 736 is
1238 672 1366 736 mulieri

333 773 408 838 olim
425 771 580 858 cognitus,
599 775 657 839 ssu
671 772 782 860 radens
800 776 868 830 orta
885 765 1037 842 amicitia,
1056 765 1133 829 dum
1150 766 1263 830 merita
1286 788 1367 851 erga

333 867 490 932 Neronem
508 887 565 928 sua
582 871 615 926 et
630 851 776 961 qriaufsin
792 861 913 924 irritum
931 858 1119 924 cecidissent
1136 859 1235 944 aperit
1253 860 1366 925 adicit-

333 982 396 1046 que
412 968 542 1043 questus
560 967 591 1020 et
609 947 847 1020 destinationem
867 953 1037 1030 vindictae,
1062 953 1090 1017 si
1106 952 1240 1017 facultas
1260 975 1366 1019 orere-

335 1071 394 1132 tur,
413 1075 502 1138 spem
519 1051 605 1115 dedit
621 1071 716 1135 posse
733 1047 841 1134 inpelli
858 1058 889 1111 et
901 1048 1007 1133 plures
1022 1047 1201 1112 conciliare:
1220 1070 1279 1112 nec
1291 1046 1365 1112 leve

335 1148 485 1212 auxilium
501 1147 535 1209 in
552 1145 668 1221 classe,
695 1141 821 1208 crebras
839 1141 1037 1217 occasiones,
1064 1141 1139 1224 quia
1155 1140 1240 1206 Nero
1263 1142 1365 1207 multo

335 1241 419 1326 apud
440 1240 590 1304 Puteolos
617 1247 649 1303 et
669 1236 830 1301 Misenum
858 1235 953 1300 maris
979 1256 1040 1299 usu
1067 1233 1249 1299 laetabatur.
1287 1257 1366 1322 ergo

335 1332 500 1420 Epicharis
517 1333 621 1418 plura:
640 1339 672 1395 et
684 1330 789 1394 omnia
806 1328 924 1394 seelera
939 1328 1089 1413 principis
1108 1329 1241 1407 orditur3
1260 1351 1365 1414 neque

335 1451 438 1493 serum
455 1427 574 1509 adquid
591 1447 731 1504 manere,
750 1425 807 1488 sed
823 1423 998 1508 provisum,
1017 1445 1154 1506 quonam
1175 1426 1270 1489 modo
1287 1447 1366 1510 poe-

336 1545 393 1586 nas
412 1543 539 1585 eversae
557 1519 601 1583 rei
619 1518 765 1604 publicae
782 1518 884 1582 daret:
903 1517 1118 1602 accingeretur
1134 1519 1228 1582 modo
1246 1542 1365 1584 navare

335 1635 462 1700 operam
481 1622 512 1678 et
533 1613 668 1676 militum
689 1611 858 1676 acerrimos
881 1611 995 1676 ducere
1015 1611 1187 1697 inpones,
1210 1634 1248 1677 ac
1266 1613 1382 1700 digna

335 1707 435 1793 pretia
461 1715 647 1791 expectaret
683 1705 812 1770 nomina
837 1714 942 1769 tamen
968 1706 1197 1770 coniuratorum
1224 1706 1369 1784 reticula

336 1801 418 1865 unde
433 1799 560 1864 Proculi
576 1799 726 1864 indicium
738 1799 866 1863 inritum
883 1798 954 1876 fuit,
972 1798 1116 1882 quamvis
1129 1822 1261 1885 eaquae
1275 1801 1366 1865 audi-

336 1905 402 1960 erat
427 1896 468 1960 ad
488 1894 645 1960 Neronem
671 1893 843 1958 detulisset
871 1893 971 1957 accita
997 1893 1113 1979 quippe
1138 1893 1306 1978 Epicharis
1334 1911 1366 1960 ot

336 2013 407 2056 cum
425 1991 527 2054 indice
545 1989 719 2075 composita
735 1988 829 2053 nullis
848 1987 980 2053 testibus
997 1989 1134 2053 innisum
1146 1989 1238 2054 facile
1253 1990 1367 2054 consu-

338 2085 424 2150 tavit
445 2085 501 2150 ssd
517 2085 587 2170 ipsa
604 2083 638 2147 in
655 2083 798 2148 custodia
814 2091 934 2147 retenta
951 2092 1009 2158 est,
1028 2093 1228 2168 suspectante
1237 2083 1365 2150 Nerone

338 2179 424 2243 baud
441 2179 522 2244 falsa
539 2200 609 2244 esse
627 2178 722 2242 etiam
739 2199 821 2261 quae
837 2199 912 2240 vera
927 2199 992 2241 non
1008 2176 1229 2262 probabantur.

288 2291 319 2339 oe
403 2271 583 2338 Coniuratis
601 2281 707 2336 tamen
727 2281 814 2334 metu
835 2270 1019 2356 proditionis
1041 2272 1191 2356 permotis
1212 2271 1365 2357 placitum

337 2377 492 2432 maturare
510 2367 639 2432 caedem
656 2367 741 2452 apud
758 2365 854 2430 Baias
872 2365 905 2428 in
917 2365 992 2429 villa
1000 2363 1136 2443 Pisonis,
1156 2367 1244 2431 cuius
1258 2389 1367 2432 amoe-

337 2462 433 2524 nitate
451 2470 561 2545 captus
577 2458 697 2525 Caesar
714 2459 823 2525 crebro
840 2457 1013 2524 ventitabat
1029 2458 1221 2543 balneasque
1239 2470 1270 2526 et
1288 2483 1366 2547 spu·

336 2554 384 2616 las
402 2553 501 2617 inibat
518 2552 643 2616 omissis
662 2552 803 2617 excubiis
817 2563 849 2616 et
865 2552 1010 2618 fortunae
1028 2575 1103 2618 suae
1121 2554 1212 2618 mole.
1233 2555 1290 2619 sed
1308 2555 1366 2620 ab·

337 2645 404 2708 nuit
420 2644 512 2722 Piso,
540 2645 690 2709 invidiam
706 2646 930 2730 praetendens,
958 2647 986 2711 si
1008 2670 1098 2713 sacra
1113 2671 1241 2713 mensae
1259 2650 1367 2734 diique

337 2738 507 2823 hospitales
517 2739 612 2802 caede
621 2739 859 2824 qualiscumque
870 2741 1022 2827 principis
1032 2751 1280 2808 cruentarentur:
1299 2767 1367 2808 mc-

337 2834 398 2898 lius
416 2834 501 2918 apud
522 2832 633 2898 urbem
650 2834 683 2898 in
700 2833 755 2900 illa
776 2835 877 2901 invisa
900 2845 932 2900 et
954 2837 1062 2923 spoliis
1085 2837 1200 2902 civium
1223 2848 1368 2902 extructa

338 2929 431 2994 domo
466 2929 517 2993 vel
551 2928 584 2993 in
614 2928 739 3014 publico
770 2940 946 3016 patraturos
978 2931 1063 3014 quod
1092 2954 1149 3017 pro
1178 2953 1212 2996 re
1238 2930 1367 3018 publica

339 3023 561 3109 suscepissent.
588 3024 666 3088 haec
688 3023 721 3087 in
743 3046 921 3101 commune,
949 3035 1087 3089 ceterum
1109 3025 1218 3090 timore
1241 3025 1367 3090 occulto

339 3140 378 3182 ne
399 3119 441 3182 L.
466 3115 594 3184 Silanus
617 3118 732 3183 eximia
752 3117 913 3184 nobilitate
936 3118 1161 3204 disciplinaque
1185 3117 1223 3184 O.
1248 3119 1367 3197 Cassii,

339 3211 423 3297 apud
440 3234 535 3296 quem
553 3212 703 3276 educatus
722 3221 802 3289 erat,
825 3213 866 3276 ad
883 3233 1008 3276 omnem
1026 3212 1241 3278 claritudinem
1260 3213 1369 3278 subla-

338 3316 389 3369 tus
410 3305 576 3388 imperium
598 3304 773 3383 invaderet,
800 3315 943 3391 prompte
966 3307 1084 3372 daturis
1108 3307 1161 3390 qui
1183 3331 1202 3371 a
1223 3307 1369 3374 coniura-

275 3391 285 3410 '
338 3397 421 3460 tione
431 3398 544 3482 integri
559 3409 665 3464 essent
674 3400 790 3483 quique
804 3401 1025 3465 miserarentur
1033 3401 1189 3466 Neronem
1204 3411 1367 3486 tamquam

338 3511 394 3574 per
415 3489 517 3552 scelus
539 3490 747 3556 interfectum.
775 3493 915 3577 plerique
933 3494 1058 3562 Vestini
1080 3517 1205 3579 quoque
1227 3495 1367 3561 consulis

338 3603 409 3648 acre
425 3582 587 3669 ingenium
604 3584 753 3650 vitavisse
763 3585 913 3651 Pisonem
931 3589 1138 3666 crediderunt,
1157 3611 1197 3653 ne
1215 3589 1256 3653 ad
1273 3589 1369 3655 liber-

339 3687 434 3742 tatem
451 3686 591 3742 oreretur
607 3676 657 3742 vcl
672 3677 792 3744 delecto
810 3679 996 3766 imperatore
1009 3682 1071 3747 alio
1086 3683 1135 3748 sui
1147 3683 1285 3748 muneris
1299 3705 1368 3748 rem

339 3771 497 3858 publicam
514 3771 645 3851 faceret3
665 3773 780 3838 etenim
798 3795 909 3860 expers
924 3775 1146 3842 coniurationis
1161 3786 1237 3853 erat,
1255 3797 1367 3860 quam-

339 3867 386 3933 vis
406 3890 500 3954 super
517 3889 555 3934 eo
573 3867 792 3935 crimineNero
805 3877 895 3934 vetus
909 3869 1077 3936 adversum
1089 3871 1245 3936 insontem
1259 3871 1368 3936 odium

340 3961 519 4048 expleverit.
798 4048 801 4053 Ι

289 4074 321 4120 53
404 4057 547 4124 Tandem
566 4068 701 4125 statuere
723 4060 909 4124 circensium
925 4059 1072 4124 ludorum
1090 4057 1155 4137 die,
1182 4059 1239 4143 qui
1257 4057 1368 4123 Cereri

339 4149 526 4230 celebratur,
554 4154 667 4238 exequi
688 4153 856 4232 destinata,
884 4155 959 4239 quia
977 4153 1097 4220 Caesar
1121 4176 1211 4218 rarus
1234 4173 1368 4238 egressu
