3020 4958
405 493 611 551 ANNALIUM
628 496 702 550 LIB.
717 495 795 552 XIV.
812 496 931 552 15-20.
1116 489 1179 553 263

153 588 313 639 amum

154 657 281 721 colonos
298 653 474 718 Nucerinos
487 651 759 738 Pompeianosque
788 651 972 738 gladiatorio
991 659 1177 742 spectaculo,

153 749 236 833 quod
252 746 417 812 Livineius
431 745 584 832 Regulus,
603 768 695 828 quem
711 757 830 810 motum
848 757 959 812 senatu
976 750 1088 828 rettuli,
1107 753 1179 816 ede-

154 845 219 908 bat:
238 843 357 926 quippe
374 840 532 926 oppidana
548 838 677 904 lascivia
694 840 726 904 in
744 841 847 915 vicem,
862 841 1038 926 inperantea
1055 843 1178 929 probra,

153 937 223 1002 dein
241 959 330 1011 saxa,
348 945 507 1019 postremo
525 932 642 997 ferrum
660 955 833 1019 sumpsere,
851 935 1000 1001 validiore
1013 936 1180 1022 Pompeia·

152 1053 263 1095 norum
281 1028 388 1114 plebe,
411 1029 496 1113 apud
512 1049 592 1110 quos
611 1027 824 1112 spectaculum
842 1029 1005 1107 edebatur3
1028 1053 1103 1116 ergo
1126 1033 1180 1096 de-

151 1124 266 1210 portati
280 1133 353 1188 sunt
369 1123 403 1186 in
415 1121 525 1186 urbem
543 1121 633 1184 multi
651 1143 668 1186 e
680 1121 845 1188 Nucerinis
859 1135 969 1188 trunco
982 1146 1038 1208 per
1050 1124 1180 1190 vulnera

151 1239 295 1304 corpore,
319 1239 357 1280 ao
377 1216 517 1302 plerique
538 1214 707 1280 liberorum
725 1225 780 1280 aut
800 1227 965 1302 parentum
986 1229 1102 1284 mortes
1125 1220 1180 1283 de·

151 1311 277 1376 flebant.
301 1310 390 1375 carius
407 1310 452 1373 rei
470 1309 619 1373 iudicium
637 1309 782 1394 princeps
801 1312 937 1388 senatui,
960 1323 1087 1377 senatus
1105 1335 1179 1378 con-

151 1404 273 1470 sulibus
295 1403 452 1489 permisit,
482 1412 512 1466 ct
534 1425 642 1468 narsus
664 1425 698 1466 re
721 1405 762 1467 ad
783 1415 887 1490 patres
913 1405 1009 1470 relata
1032 1407 1179 1491 prohibiti

150 1498 276 1583 publice
294 1499 327 1562 in
345 1498 453 1562 decem
472 1519 571 1562 annos
595 1497 749 1561 eiusmodi
771 1508 861 1563 coetu
878 1499 1063 1585 Pompeiani
1086 1500 1180 1565 colle-

150 1593 265 1678 giaque
283 1614 364 1675 quae
382 1601 490 1656 eontra
506 1591 592 1676 leges
605 1590 811 1670 instituerant,
830 1593 994 1673 dissoluta3
1012 1594 1177 1660 Livineius

151 1697 182 1751 et
198 1687 253 1771 qui
272 1687 325 1751 alii
343 1679 527 1751 seditionem
545 1685 756 1764 conciverant,
776 1687 868 1753 exilio
885 1688 1007 1754 multati
1026 1699 1108 1754 sunt.

213 1780 324 1846 Motus
347 1789 457 1845 senatu
479 1789 510 1844 et
528 1779 646 1844 Pedius
668 1779 816 1858 Blaesus,
839 1782 1059 1848 accusantibus
1079 1781 1178 1868 Cyre·
1198 1805 1228 1852 18

150 1874 301 1940 rensibus
318 1873 468 1938 violatum
490 1872 530 1938 ab
553 1895 591 1938 co
612 1873 794 1938 thesaurum
810 1875 994 1960 Aesculapii
1016 1877 1178 1941 dilectum-

149 1991 210 2052 que
228 1968 393 2032 militarem
410 1967 510 2052 pretio
528 1977 559 2031 ct
575 1966 745 2038 ambitione
758 1979 947 2053 corruptum.
969 1970 1065 2034 iidem
1080 1969 1179 2053 Cyre-

149 2083 263 2127 nenses
281 2083 369 2125 reum
387 2060 522 2147 agebant
539 2059 679 2126 Acilium
699 2059 901 2137 Strabonem,
919 2062 1074 2146 praetoria
1090 2072 1179 2146 pote-

148 2165 230 2221 state
251 2178 345 2220 usum
365 2164 398 2219 et
415 2154 547 2220 missum
569 2155 809 2240 disceptatorem
828 2179 847 2219 a
865 2154 999 2220 Claudio
1021 2177 1176 2240 agrorum,

147 2273 229 2334 quos
256 2250 341 2336 regis
367 2249 502 2335 Apionis
529 2250 688 2332 quondam
714 2249 812 2314 avitos
839 2259 871 2314 et
895 2249 1012 2335 populo
1033 2250 1178 2314 Romano

148 2369 221 2410 cum
238 2367 337 2432 regno
350 2345 475 2410 relictos
488 2345 650 2430 proximus
664 2345 797 2428 quisque
810 2367 974 2430 possessor
987 2345 1176 2422 invaserant,

148 2439 331 2524 diutinaque
343 2439 469 2504 licentia
477 2449 508 2503 et
521 2438 634 2504 iniuria
646 2439 737 2522 quasi
751 2439 817 2504 iure
827 2448 858 2504 et
873 2461 974 2523 aequo
989 2438 1175 2504 nitebantur.

148 2534 246 2620 igitur
259 2533 444 2598 abiudicatis
459 2533 542 2619 agris
553 2541 621 2600 orta
634 2533 784 2599 adversus
799 2534 934 2600 iudicem
943 2534 1069 2611 invidia,
1084 2542 1115 2598 et
1128 2555 1178 2598 se-

150 2637 242 2692 natus
252 2629 360 2713 ignota
374 2627 434 2693 sibi
447 2649 517 2692 esse
526 2627 674 2692 mandata
684 2626 810 2692 Claudii
818 2638 850 2694 et
858 2627 1083 2693 consulendum
1093 2627 1177 2712 prin-

147 2722 250 2806 cipem
267 2721 442 2806 respondit:
460 2720 544 2785 Nero
562 2720 692 2806 probata
712 2719 877 2788 Strabonis
896 2722 1059 2800 sententia,
1078 2743 1112 2786 se
1130 2723 1178 2785 ni-

147 2816 211 2880 hilo
225 2816 329 2880 minus
343 2815 510 2880 subvenire
524 2816 617 2880 sociis
631 2825 662 2880 et
673 2827 822 2900 usurpata
830 2817 1001 2882 concedere
1009 2816 1175 2900 rescripsit.

213 2907 397 2993 Sequuntur
413 2910 551 2974 virorum
568 2909 736 2975 illustrium
754 2919 885 2984 mortes,
904 2909 1037 2973 Domitii
1055 2907 1128 2972 Afri
1146 2918 1177 2971 et
1197 2927 1226 2974 to

146 3003 194 3067 M.
211 3001 347 3080 Servilii,
367 3003 420 3087 qui
433 3004 564 3068 summis
582 3002 754 3067 honoribus
772 3013 804 3067 et
820 3001 920 3066 multa
937 2999 1115 3084 eloquentia
1131 3001 1178 3062 vi-

145 3107 294 3184 guerant,
317 3098 370 3162 ille
388 3099 506 3162 orando
528 3118 655 3174 causas,
681 3094 834 3162 Servilius
852 3095 908 3158 diu
923 3094 1007 3170 foro,
1026 3115 1100 3158 mox
1117 3102 1178 3155 tra·

146 3192 259 3256 <lendis
277 3191 371 3257 rebus
394 3192 547 3258 Romanis
574 3190 705 3257 celebris
728 3199 760 3255 et
782 3189 937 3276 elegantia
957 3187 1055 3262 vitae,
1082 3207 1177 3268 quam

147 3286 311 3350 clariorem
329 3286 447 3363 effecit,
466 3296 500 3351 ut
509 3309 575 3374 par
591 3285 732 3372 ingenie,
749 3285 795 3349 ita
812 3305 935 3348 morum
953 3281 1106 3345 diversus.

212 3379 339 3445 Narona
354 3404 501 3457 onarrou,
522 3379 678 3446 Ooannmo
693 3376 795 3445 Cosso
810 3375 991 3442 consulibus
1004 3375 1178 3459 quinquen·
1196 3395 1229 3442 ao

146 3473 218 3538 nale
236 3474 391 3539 ludicrum
404 3473 524 3540 Romae
538 3474 714 3538 institutum
727 3481 777 3538 est
792 3473 833 3538 ad
847 3494 965 3537 morem
980 3468 1094 3536 Graeci
1112 3491 1179 3534 oer-

146 3568 288 3646 taminis,
312 3569 399 3632 varia
415 3568 516 3646 sama,
539 3577 575 3632 ut
592 3577 705 3634 cuncta
721 3568 820 3632 ferme
837 3589 933 3644 nova;
956 3566 1072 3651 quippe
1090 3575 1178 3629 erant

146 3663 201 3745 qui
216 3661 276 3727 Cn.
295 3683 420 3746 quoque
434 3661 622 3747 Pompeium
638 3663 815 3728 incusatum
832 3685 852 3726 a
869 3659 1044 3726 senioribus
1062 3659 1179 3723 ferrent

146 3757 234 3839 quod
251 3780 431 3822 mansuram
449 3756 561 3822 theatri
579 3757 685 3821 sedem
703 3756 875 3841 posuissct3
892 3775 965 3818 nam
983 3763 1076 3816 antea
1093 3748 1177 3813 subi-

147 3851 235 3916 tariis
252 3851 403 3937 gradibus
422 3861 453 3916 et
471 3873 566 3917 scena
582 3851 615 3915 in
636 3860 760 3934 tempus
783 3855 902 3912 structa
916 3846 1009 3910 ludos
1029 3843 1082 3906 edi
1105 3840 1178 3905 soli·

148 3957 208 4023 tos,
222 3946 273 4010 vel
287 3947 315 4011 si
327 3947 499 4012 vetustiora
510 3955 644 4031 repetas,
664 3952 797 4009 stantem
810 3938 962 4025 populum
975 3935 1176 4022 spectavisse,

148 4063 185 4105 aa
208 4039 236 4104 si
258 4041 434 4106 consideret
459 4040 595 4117 theatro,
622 4039 690 4102 dies
712 4045 795 4102 totos
821 4032 948 4119 ignavia
974 4029 1176 4095 continuaret.

148 4134 401 4219 spectaculorum
415 4135 543 4219 quidem
552 4131 722 4214 antiquitas
736 4136 921 4203 servaretur,
935 4124 1079 4208 quotiens
1088 4145 1179 4209 prae-

148 4240 229 4293 tores
248 4229 389 4307 ederent,
411 4229 498 4293 nulla
517 4229 662 4311 cuiquam
685 4224 800 4290 civium
821 4220 1007 4287 necessitate
1025 4219 1176 4285 certandi:
