2958 4960
378 427 606 505 'nvvnuruu
622 445 872 503 arurae-ea
1106 437 1146 500 17

124 553 144 592 p
153 541 193 583 Cla
203 541 237 581 rt.

122 610 258 694 quiesset
270 607 405 684 animus,
424 616 567 670 actm-mn
579 605 780 691 apudpatres
793 606 1010 692 depostulatis
1022 629 1146 686 eorum3

121 703 245 768 mbisse
259 701 383 766 iuterim
399 699 510 776 filium,
527 709 563 763 ut
576 700 644 764 sine
660 700 858 764 cunctatione
870 702 1053 767 comederet
1065 724 1147 786 quae

122 797 226 862 statim
240 795 333 859 tribui
343 803 488 880 posseut;
506 803 610 858 cetera
622 795 744 858 senatui
757 795 920 871 servanda,
938 817 1033 878 quem
1044 817 1147 880 neque

120 891 240 977 gratiae
255 911 358 972 neque
376 887 552 953 severitatis
569 898 728 972 expertem
745 887 855 952 baberi
871 909 930 973 par
946 897 1039 954 esset.

179 983 385 1067 Responsum
398 991 447 1045 est
462 1005 482 1045 a
494 981 636 1046 contione
648 982 797 1046 mandata
806 980 963 1046 Clementi
975 982 1147 1048 centurioni
1164 1003 1198 1052 rc

119 1099 197 1160 quae
214 1075 378 1161 perferret.
399 1075 428 1139 is
445 1075 564 1139 orditur
579 1075 780 1140 demissione
798 1099 818 1140 a
835 1077 972 1140 sedecim
989 1076 1089 1152 aunis,
1107 1077 1148 1141 de

120 1170 266 1254 praemiis
283 1169 390 1233 finitae
406 1168 549 1246 militiae3
570 1178 606 1232 ut
622 1169 768 1234 denarius
789 1169 936 1234 diurnum
957 1169 1148 1255 stipendium

120 1265 213 1343 foret3
237 1287 279 1329 ne
301 1263 442 1328 veterani
464 1263 524 1328 sub
544 1264 660 1328 vexillo
681 1263 879 1329 haberentur.
906 1265 947 1330 ad
964 1287 1003 1329 ea
1018 1264 1146 1330 Drusus

122 1381 190 1422 cum
206 1357 374 1423 arbitrium
391 1367 519 1422 senatus
536 1368 569 1421 et
589 1357 687 1442 patris
711 1358 907 1436 obtenderet,
930 1359 1065 1424 clamore
1082 1368 1148 1423 tur-

121 1451 225 1516 batur:
251 1474 310 1516 cur
330 1451 482 1528 venisset,
509 1472 612 1534 neque
633 1452 786 1538 augendis
812 1453 945 1518 militum
971 1452 1145 1538 stipendiis,

121 1567 221 1630 neque
247 1546 431 1610 adlevandis
457 1544 631 1622 laboribus,
658 1546 792 1629 denique
817 1547 904 1612 nulla
928 1547 1147 1614 benefaciendi

120 1638 262 1704 licentia?
280 1649 314 1704 at
330 1639 455 1704 hercule
468 1639 601 1705 verbera
618 1648 651 1704 et
665 1662 776 1704 necem
789 1643 908 1707 cunctis
921 1643 1067 1728 permitti.
1090 1641 1147 1706 Ti-

120 1732 240 1798 berium
258 1734 334 1798 olim
351 1734 477 1799 nomine
493 1733 635 1820 Augusti
652 1735 806 1800 desideria
826 1737 986 1822 legionum
1003 1737 1147 1802 fmstrari

122 1828 259 1892 solitum:
279 1829 407 1893 easdem
419 1838 501 1892 artes
513 1827 657 1892 Drusum
669 1830 838 1895 rettulisse.
859 1853 1071 1914 numquamne
1084 1831 1146 1896 nisi

121 1924 214 1990 adse
236 1924 321 1988 filios
346 1923 535 1988 familiarum
556 1925 724 1990 venturos?
748 1948 867 1991 novum
888 1927 922 1990 id
942 1927 1035 2011 plane
1061 1927 1148 2010 quod

121 2017 289 2102 imperator
310 2017 378 2082 sola
394 2018 501 2082 militis
524 2019 688 2083 commoda
705 2018 746 2083 ad
764 2028 906 2083 senatum
928 2018 1049 2095 reiciat;
1072 2041 1148 2083 euu-

122 2111 191 2177 dem
215 2135 295 2198 ergo
322 2120 466 2176 senatum
491 2112 718 2176 consulendum
743 2113 888 2196 quotiens
915 2111 1068 2197 supplicia
1093 2122 1147 2177 aut

122 2206 237 2289 proelia
258 2205 448 2270 iudicantur:
471 2227 512 2269 an
533 2207 674 2291 praemia
695 2205 755 2272 sub
772 2205 920 2284 dominis,
943 2227 1061 2291 poenas
1079 2205 1146 2272 sine

124 2299 236 2364 arbitro
255 2299 347 2364 esse?

181 2393 351 2460 Postremo
376 2393 524 2458 deserunt
549 2393 760 2473 tribunal„ut
784 2395 856 2479 quis
881 2395 1146 2482 praetorianorum
1164 2413 1195 2462 rr

123 2487 254 2552 militum
271 2487 482 2552 amicorumve
496 2486 642 2553 Caesaris
660 2499 843 2568 occurreret,
862 2512 974 2556 munus
991 2491 1148 2556 inteutan-

123 2591 180 2660 tes,
203 2605 334 2647 cerream
355 2582 529 2648 discordiae
551 2592 583 2648 et
603 2583 726 2649 initium
748 2607 918 2663 armorum,
941 2585 1077 2650 maxime
1098 2586 1147 2648 in·

122 2674 201 2741 lensi
215 2674 277 2740 Cn.
291 2675 439 2753 Lentulo,
457 2676 582 2759 quodie
596 2685 668 2742 aute
682 2678 759 2743 alios
777 2687 878 2744 aetate
896 2687 927 2743 et
944 2678 1044 2766 gloria
1060 2677 1145 2754 belli,

123 2767 243 2833 firmmc
260 2768 404 2834 Drusum
422 2768 606 2835 credebatur
623 2779 655 2834 et
670 2771 725 2835 illa
745 2769 872 2837 militiae
890 2771 1009 2858 flagitia
1025 2771 1145 2858 primus

124 2862 295 2946 aspernari3
317 2883 376 2926 nec
397 2861 495 2928 multo
515 2873 589 2950 post
611 2863 837 2949 digredientem
858 2887 930 2930 cum
949 2864 1086 2932 Caesare
1109 2884 1146 2928 ac

124 2956 250 3039 provisu
265 2955 397 3040 periculi
418 2956 549 3022 bibema
570 2967 673 3023 castra
688 2967 882 3044 repetentem
904 2957 1145 3034 circumsistunt,

124 3050 293 3136 rogitantes
306 3071 369 3132 quo
385 3052 547 3136 pergeret?
564 3053 605 3116 ad
620 3052 840 3137 imperatorem
857 3074 897 3115 au
915 3051 956 3114 ad
971 3049 1096 3135 patres?
1112 3057 1148 3112 nt

125 3142 184 3208 illic
204 3162 332 3226 quoque
354 3145 525 3210 commodis
547 3145 707 3232 legionum
729 3143 964 3208 adversaretur?
986 3141 1079 3206 simul
1100 3141 1148 3204 in·

125 3246 247 3322 gruunt,
266 3259 345 3301 saxa
355 3237 485 3303 iaciunt:
503 3239 628 3324 iamque
640 3239 753 3325 lapidis
766 3238 832 3303 ictu
849 3246 995 3304 cruentus
1014 3244 1045 3302 et
1062 3235 1148 3301 exitii

126 3341 225 3397 ceruus
248 3331 385 3396 adcursu
410 3332 616 3400 multitudiuis
643 3355 724 3418 quae
751 3355 823 3398 cum
844 3332 952 3399 Druso
979 3331 1147 3398 advenerat

125 3435 282 3508 protectus
300 3434 358 3490 est.

184 3520 318 3586 Noctem
340 3521 494 3586 minacem
512 3532 544 3587 et
564 3523 598 3587 iu
615 3523 717 3588 scelus
740 3533 920 3610 erupturam
936 3524 1001 3589 fors
1023 3522 1145 3589 lenivit:
1165 3538 1197 3588 as

126 3635 196 3678 nam
216 3614 294 3678 luna
314 3613 398 3679 claro
420 3625 547 3701 repente
570 3617 657 3682 caclo
673 3617 743 3682 visa
763 3617 980 3705 languescere;
1002 3617 1035 3681 id
1056 3616 1146 3681 miles

125 3708 251 3772 rationis
269 3709 398 3794 ignarus
416 3732 507 3775 omen
524 3712 734 3796 praesentium
756 3713 889 3798 accepit,
910 3710 958 3797 [a]
977 3711 1043 3775 suis
1060 3708 1148 3774 labo-

126 3800 209 3867 ribus
226 3802 436 3868 defectionem
449 3805 559 3870 sideris
573 3805 775 3883 adsimulans,
793 3823 1003 3890 prospereque
1021 3821 1148 3868 cessura

126 3916 203 3977 quae
214 3906 392 3983 pergerent,
411 3898 439 3962 si
451 3899 557 3985 fulgor
574 3909 606 3964 et
618 3899 769 3963 claritudo
782 3899 860 3962 deae
876 3896 1071 3972 redderetur;
1089 3893 1149 3980 igi-

127 3997 174 4053 tur
194 3991 276 4056 aeris
299 4012 391 4069 sono,
416 3991 564 4057 tubarum
586 4011 799 4074 cornuumque
821 3997 974 4054 concentu
996 3996 1147 4074 strepere;

126 4093 215 4166 prout
232 4084 424 4169 splendidior
436 4085 645 4165 obscuriorve,
663 4085 772 4152 laetari
784 4093 838 4148 aut
849 4103 1001 4162 maerere3
1020 4092 1051 4148 et
1062 4093 1149 4170 post·

127 4195 218 4258 quam
245 4187 332 4242 ortae
358 4179 458 4245 nubes
484 4180 618 4246 offecere
643 4179 727 4246 visui
753 4177 967 4262 creditumque
992 4177 1148 4244 conditam

178 4293 249 4339 Taciti
258 4293 300 4338 col.
311 4292 328 4335 l.
961 4287 979 4344 2
