3020 4958
91 493 101 510 ‚
419 429 628 488 maneamne
642 427 804 486 amxvr.
823 428 942 485 18-21.
1131 416 1195 484 325

166 525 292 669 filiali,
311 598 459 675 corrupto
472 588 514 652 ad
526 586 677 652 indicium
687 607 778 651 servo
791 586 999 671 ademptaque
1012 585 1194 653 defensione

166 697 195 750 et
210 687 329 751 maiore
347 694 436 769 parte
454 682 592 747 famihae
609 681 644 746 in
661 680 765 746 vincla
782 691 880 766 rapta.

225 780 321 845 Forte
339 779 401 842 illis
419 776 532 842 diebus
548 775 757 860 Campaniam
770 775 923 860 petiverat
936 772 1065 852 Caesar,
1084 786 1116 841 et
1129 774 1195 841 Cu·
1214 797 1244 844 19

165 898 232 939 mas
249 895 353 957 usque
366 893 556 958 progressus
565 869 733 936 Petronius
752 869 816 935 illic
834 868 1030 935 attinebatur.
1049 891 1108 935 neo
1125 869 1195 936 tulit

164 968 244 1033 ultra
257 967 380 1032 timoris
398 976 453 1032 aut
467 965 535 1051 spei
548 987 668 1043 moras3
685 987 788 1048 neque
806 974 912 1030 tamen
928 986 1080 1050 praeceps
1097 963 1195 1028 vitam

165 1062 292 1148 expulit,
313 1061 370 1124 sed
383 1059 499 1124 incisas
513 1081 620 1136 venas,
639 1058 816 1136 utlibitum‚
830 1058 985 1145 obligatas
995 1059 1114 1144 aperire
1127 1081 1196 1123 rur·

165 1179 236 1220 sum
253 1166 285 1219 et
302 1154 420 1237 alloqui
438 1152 571 1231 amieos,
594 1173 658 1218 non
674 1174 732 1237 per
750 1153 832 1218 seria
849 1164 904 1218 aut
924 1153 1039 1237 quibus
1061 1153 1194 1239 gloriam

165 1249 358 1314 constantiae
371 1256 505 1333 peteret3
523 1247 733 1330 audiebatque
746 1247 917 1313 referentes
930 1247 1009 1312 nihil
1026 1248 1065 1312 de
1079 1247 1195 1312 inmor-

165 1344 282 1408 tahtate
300 1342 423 1406 animae
441 1350 472 1407 et
490 1341 678 1427 sapientium
695 1341 829 1426 placitis,
849 1341 906 1406 sed
918 1341 1001 1406 levia
1014 1341 1152 1406 carmina
1164 1355 1195 1406 et

165 1437 275 1502 faciles
293 1457 414 1500 versus.
438 1457 601 1501 servorum
618 1435 697 1500 alios
715 1434 894 1522 largitione,
913 1435 1068 1518 quosdam
1085 1433 1195 1500 verbe-

165 1531 251 1596 ribus
269 1529 385 1594 affecit.
412 1527 481 1593 iniit
499 1530 622 1615 epulas,
651 1550 762 1594 somno
779 1528 924 1606 indulsit,
951 1538 986 1593 ut
1002 1551 1194 1614 quamquam

167 1635 275 1691 coacta
292 1647 377 1689 mors
400 1623 547 1688 fortuitae
570 1624 681 1689 similis
704 1633 797 1689 esset
824 1647 864 1689 ne
886 1624 1036 1690 codicillis
1055 1626 1192 1711 quidem,

167 1721 251 1804 quod
272 1719 414 1805 plerique
435 1717 648 1803 pereuntium,
674 1717 833 1784 Neronem
854 1729 909 1784 aut
926 1719 1118 1806 Tigellinum
1140 1731 1194 1786 aut

167 1836 261 1897 quem
278 1814 375 1878 alium
391 1813 566 1898 potentium
584 1813 729 1878 adulatus
747 1824 810 1879 est:
833 1814 890 1878 sed
906 1814 1026 1900 flagitia
1042 1816 1192 1902 principis

167 1908 225 1973 sub
251 1907 431 1973 nominibus
462 1906 655 1972 exoletorum
684 1907 935 1990 feminarumque
966 1918 997 1972 et
1026 1908 1193 1972 novitatem

167 2003 319 2085 cuiusque
338 2002 437 2086 stupri
457 2001 641 2086 perscripsit
657 2010 751 2084 atque
773 2000 942 2087 obsignata
958 1999 1044 2064 misit
1060 2000 1090 2064 N
1092 2001 1192 2080 eroni;

167 2096 323 2183 fregitque
341 2096 479 2172 anulum,
498 2117 538 2160 ne
556 2117 632 2160 mox
648 2095 722 2160 usui
736 2103 821 2159 esset
835 2095 875 2158 ad
887 2093 1033 2158 facienda
1044 2093 1192 2178 pericula.

214 2188 436 2277 AmbigentiN
437 2189 523 2255 eroni
533 2211 669 2273 quonam
678 2189 773 2254 modo
781 2188 921 2254 noctium
932 2209 1059 2252 suarum
1068 2186 1194 2273 ingenia
1212 2207 1245 2254 20

164 2293 372 2360 notescerent,
382 2283 510 2348 offertur
520 2282 609 2361 Silia,
619 2283 817 2348 matrimonio
827 2282 979 2348 senatoris
988 2282 1074 2346 haud
1086 2281 1195 2368 ignota

165 2391 196 2443 et
204 2379 266 2463 ipsi
279 2378 322 2441 ad
331 2397 457 2440 omnem
469 2377 630 2442 libidinem
644 2378 766 2444 adscita
778 2399 816 2442 ao
823 2376 972 2442 Petronio
981 2397 1132 2462 perquam
1147 2375 1195 2440 fa·

165 2472 311 2549 miliaris;
326 2470 430 2556 agitur
437 2470 470 2534 in
478 2472 616 2550 exilium,
627 2482 789 2557 tamquam
797 2495 860 2538 non
871 2471 1009 2538 siluisset
1018 2493 1099 2556 quae
1108 2471 1195 2538 vide·

164 2577 213 2631 rat
220 2565 460 2652 pertuleratque,
465 2568 591 2653 proprio
601 2568 686 2633 odio:
697 2567 1099 2645 atMinuciumThermum,
1105 2590 1195 2654 prae-

164 2660 396 2738 turafunctum,
403 2660 551 2747 Tigellini
562 2660 773 2728 simultatibus
779 2663 874 2742 dedit,
881 2663 955 2748 quia
962 2663 1195 2731 libertusTher·

164 2755 210 2818 mi
219 2755 373 2837 quaedam
387 2755 426 2818 de
436 2754 594 2841 Tigellino
608 2754 775 2822 criminose
784 2757 946 2836 detulerat,
957 2781 1037 2843 quae
1051 2757 1195 2823 eruoiati-

165 2848 226 2913 bus
241 2857 462 2913 tormentorum
479 2850 558 2934 ipse,
576 2859 727 2935 patronus
746 2851 815 2915 eius
832 2873 909 2916 nece
926 2852 1072 2916 inmerita
1083 2851 1192 2915 lueret.

231 2941 409 3006 Trucidatis
422 2951 468 3007 tot
480 2943 659 3029 insignibus
672 2945 748 3010 viris
763 2944 804 3008 ad
820 2954 1016 3029 postremum
1029 2944 1112 3009 Nero
1131 2944 1193 3009 vir·
1212 2959 1242 3005 21

164 3046 264 3100 tutem
281 3037 383 3121 ipsam
394 3037 562 3104 excindere
577 3038 756 3124 concupivit
769 3037 932 3102 interfecto
943 3036 1193 3102 ThraseaPaeto

165 3140 197 3194 et
204 3130 308 3195 Barea
315 3129 446 3208 Sorano,
457 3131 531 3196 olim
540 3131 680 3217 utrisque
687 3132 841 3210 infensus,
852 3140 882 3196 et
891 3128 1111 3196 accedentibus
1121 3150 1194 3194 oau-

166 3227 210 3288 sis
229 3224 263 3287 in
276 3224 459 3302 Thraseam,
478 3225 563 3309 quod
581 3236 692 3292 senatu
711 3247 858 3312 egressus
873 3235 921 3290 est
934 3245 1006 3292 oum
1023 3222 1063 3288 de
1075 3220 1194 3309 Agrip-

165 3318 241 3402 pina
256 3318 432 3396 referretur,
450 3329 485 3384 nt
502 3321 684 3398 memoravi,
704 3320 850 3404 quodque
859 3319 1057 3386 Iuvenalium
1073 3317 1193 3384 ludicro

166 3435 278 3498 parum
291 3414 519 3499 aspectabilem
533 3439 660 3502 operam
673 3414 869 3501 praebuerat,
889 3437 989 3501 eaque
1003 3414 1135 3489 offensio
1149 3415 1194 3496 al-

166 3507 228 3570 tius
237 3507 427 3591 penetrabat,
442 3509 517 3592 quia
529 3510 614 3575 idem
624 3511 767 3576 Thrasea
775 3509 909 3590 Patavii,
923 3513 1006 3578 unde
1015 3521 1102 3578 ortus
1116 3521 1190 3586 erat,

165 3601 248 3664 ludis
259 3599 431 3666 *cetastis*
440 3628 460 3668 a
469 3604 606 3671 Troiano
614 3606 778 3672 Antenore
791 3606 941 3672 institutis
951 3606 1060 3672 habitu
1073 3603 1192 3688 tragico

166 3695 330 3759 cecinerat
348 3697 399 3761 die
408 3721 533 3784 quoque
542 3722 604 3785 quo
613 3711 738 3786 praetor
746 3700 905 3765 Antistius
916 3700 956 3764 ob
966 3697 1080 3782 probra
1088 3696 1121 3759 in
1130 3695 1193 3758 Ne·

165 3811 274 3853 ronem
292 3794 465 3877 composita
483 3794 524 3858 ad
541 3807 674 3860 mortem
691 3792 912 3868 damnabatur,
931 3791 1054 3855 mitiora
1071 3787 1192 3852 censuit

166 3881 374 3969 obtinuitque3
393 3898 514 3953 etcum
532 3890 626 3954 deum
644 3891 779 3954 honores
788 3887 956 3972 Poppaeae
974 3886 1190 3960 deeemnntur,

166 3986 277 4062 sponte
290 3980 416 4060 absens,
439 3984 543 4048 funeri
556 4007 619 4049 non
632 3981 824 4048 interfuerat.
843 4001 924 4063 quae
947 3976 1115 4044 oblitterari
1129 3998 1192 4041 non

166 4071 408 4162 sinebatCapito
415 4077 634 4156 Cossutianus,
647 4091 770 4163 praeter
779 4075 919 4140 animum
928 4073 968 4136 ad
976 4070 1094 4156 flagitia
1102 4094 1191 4157 prae-

166 4166 292 4252 eipitem
304 4170 432 4255 iniquus
446 4171 615 4249 Thraseae,
630 4172 715 4255 quod
724 4169 906 4234 auctoritate
916 4167 983 4232 eius
993 4167 1189 4244 concidisset,

166 4262 301 4332 iuvantis'
313 4265 449 4332 Cilicum
463 4267 594 4354 legatos,
605 4269 681 4331 dum
692 4264 879 4350 Capitonem
892 4263 1134 4350 repetundarum
1144 4263 1191 4328 in·
