3042 4956
426 447 633 516 arsamum
651 457 724 514 nm.
739 457 790 515 xi.
809 461 927 516 aa-rr.
1125 449 1187 516 193

144 565 166 602 ρ.
178 550 226 592 cs.
237 552 271 590 ss.

143 620 310 684 maiorum
325 626 358 682 et
370 617 411 681 L.
422 616 539 682 Brutus
554 617 708 681 minorum
720 619 862 704 gentium
875 619 1116 706 appellaverant,
1132 642 1186 686 ex-

142 713 274 779 haustis
293 713 392 777 etiam
406 733 484 795 quas
498 712 631 776 dictator
644 710 764 778 Caesar
777 713 847 800 lege
862 712 976 780 Cassia
993 724 1024 779 ct
1039 715 1185 801 princeps

143 807 325 894 Augustus
338 806 410 892 lege
425 803 540 871 Saenia
553 804 731 892 sublegere3
747 807 891 892 laetaque
903 808 982 873 haee
994 809 1028 873 in
1045 831 1112 874 rem
1128 831 1187 894 pu·

145 901 270 966 blicam
293 901 405 965 munia
426 899 523 978 multe
545 901 662 986 gaudie
688 901 826 966 censoris
847 901 1015 967 inibantur.
1045 902 1185 968 famosos

145 995 275 1080 probris
295 1015 434 1078 quonam
452 993 544 1058 modo
563 1003 674 1058 senatu
695 994 863 1079 depelleret
881 995 1007 1074 anxius,
1030 995 1138 1060 mitem
1156 1007 1188 1061 ot

145 1111 262 1153 recens
270 1097 429 1173 repertam
438 1109 532 1170 quam
542 1109 582 1152 ex
591 1087 755 1152 severitate
762 1088 866 1173 prisca
873 1089 1025 1154 rationem
1034 1088 1185 1169 adhibuit,
1216 1153 1223 1174 ,

146 1183 324 1260 monendo,
351 1203 458 1246 secum
471 1181 603 1265 quisque
621 1182 660 1246 de
682 1204 716 1246 se
733 1183 922 1248 consultaret
938 1193 1119 1269 peteretque
1136 1183 1185 1250 ius

147 1277 292 1342 exuendi
310 1275 427 1341 ordinis
433 1300 442 1352 3
461 1275 585 1340 facilem
603 1275 670 1340 eius
687 1275 733 1340 rei
749 1277 887 1356 veniam,
906 1286 938 1342 et
954 1287 1057 1344 motos
1075 1288 1186 1344 senatu

148 1381 387 1454 excusatosque
401 1369 493 1437 simul
504 1370 745 1456 propositurum,
759 1380 795 1435 ut
806 1370 956 1436 iudicium
971 1395 1136 1438 censorum
1149 1395 1186 1440 ae

148 1467 255 1551 pudor
269 1475 383 1550 sponte
396 1465 572 1529 cedentium
584 1464 730 1550 permixti
741 1465 945 1552 ignominiam
956 1467 1122 1533 mollirent.
1145 1467 1186 1533 ob

150 1582 192 1624 ea
208 1560 387 1645 Vipstanus
405 1559 514 1624 consul
535 1559 653 1623 rettulit
674 1568 795 1644 patrem
813 1571 940 1626 senatus
963 1561 1185 1648 appellandum

152 1677 224 1720 csse
248 1653 434 1719 Claudium:
462 1653 578 1739 quippe
598 1653 790 1738 promiscum
811 1655 908 1740 patris
929 1656 1048 1741 patriae
1069 1678 1186 1744 cogno-

153 1757 311 1825 mentum3
335 1769 419 1812 nova
435 1747 468 1810 in
484 1769 551 1812 rem
567 1747 726 1832 publicam
743 1749 853 1814 merita
869 1771 933 1815 non
950 1750 1073 1816 usitatis
1091 1772 1185 1816 voea-

153 1843 236 1908 bulis
259 1841 457 1919 honoranda3
485 1843 542 1907 sed
562 1841 631 1927 ipse
654 1841 793 1908 cohibuit
815 1845 976 1910 consulem
997 1856 1033 1909 ut
1053 1845 1185 1909 nimium

156 1938 389 2014 adsentantem3
408 1936 607 2019 condiditque
624 1936 767 2013 lustrum,
786 1959 849 2020 que
866 1960 962 2002 censa
980 1947 1053 2002 sunt
1070 1938 1185 2002 civium

156 2030 386 2116 quinquaginta
394 2052 507 2095 novem
521 2039 652 2095 centena
664 2030 823 2116 octoginta
830 2040 977 2114 quattuor
985 2031 1071 2094 milia
1079 2041 1186 2115 septu·
1199 2091 1204 2102 ,

156 2126 263 2212 aginta
277 2125 350 2189 duo.
372 2124 462 2209 isque
475 2124 520 2188 illi
533 2124 604 2190 finis
618 2124 759 2190 inscitiae
774 2147 849 2210 erga
862 2125 990 2190 domum
1004 2146 1094 2188 suam
1111 2123 1184 2187 fuit:

156 2219 240 2284 haud
257 2219 358 2284 multo
375 2228 447 2303 pest
464 2218 582 2305 flagitia
598 2219 706 2284 uxoris
719 2240 849 2284 noscere
867 2241 905 2284 ae
921 2218 1031 2306 punire
1045 2217 1184 2296 adactus,

156 2324 190 2378 ut
207 2313 324 2379 deinde
341 2313 516 2378 ardesceret
532 2313 565 2377 in
582 2313 708 2399 nuptias
725 2314 871 2379 incestas.

218 2407 291 2471 Iam
300 2405 474 2472 Messalina
481 2406 629 2472 facilitate
639 2407 862 2473 adulteriorum
870 2408 902 2475 in
911 2406 1073 2473 fastidium
1082 2429 1182 2485 versa,
1203 2428 1235 2477 te

156 2502 196 2566 ad
212 2501 391 2587 incognitas
409 2501 553 2567 libidines
571 2501 760 2588 profluebat,
783 2525 854 2568 cum
878 2503 1021 2589 abrumpi
1038 2502 1185 2570 dissimu-

154 2595 304 2660 lationem
326 2593 419 2658 etiam
443 2592 554 2673 Silius,
579 2595 645 2660 sive
667 2595 756 2662 fatali
776 2597 936 2675 vecordia,
959 2621 999 2662 an
1020 2597 1185 2662 imminen-

155 2689 234 2753 tium
252 2688 461 2774 periculorum
474 2690 647 2754 remedium
659 2691 729 2775 ipsa
745 2692 884 2776 pericula
909 2703 1009 2771 ratus,
1037 2691 1183 2778 urgebat:

155 2783 273 2867 quippe
289 2805 355 2846 non
372 2804 409 2846 eo
431 2792 560 2847 ventum
577 2793 612 2848 ut
630 2794 788 2850 senectam
809 2785 958 2872 principis
977 2786 1183 2872 opperiretur3

154 2876 332 2942 insontibus
350 2876 477 2942 innoxia
494 2878 639 2956 consilia,
660 2878 788 2966 flagitiis
810 2879 986 2944 manifestis
1009 2878 1184 2960 subsidium

154 2972 195 3037 ab
218 2971 352 3039 audacia
372 2973 555 3056 petendum
582 2973 694 3037 adesse
717 2973 859 3038 conscios
881 2973 969 3057 paria
995 2981 1184 3048 metuentes,

155 3088 190 3130 se
208 3064 379 3142 caelibem,
398 3063 523 3143 orbum,
546 3067 663 3151 nuptiis
682 3075 713 3131 et
735 3066 914 3150 adoptando
931 3064 1112 3128 Britannico
1129 3087 1186 3149 pa-

154 3167 272 3236 ratum3
296 3181 475 3224 mansuram
497 3160 629 3225 eandem
650 3159 843 3226 Messalinae
864 3158 1051 3245 potentiam,
1078 3157 1185 3221 addita

156 3254 332 3331 securitate,
352 3253 380 3317 si
391 3253 608 3338 praevenirent
623 3253 802 3331 Claudium,
820 3263 856 3317 ut
872 3252 993 3318 insidiis
1011 3251 1182 3328 incautum,

155 3349 199 3412 ita
216 3347 282 3412 irae
295 3369 471 3432 properum.
494 3348 632 3434 segniter
648 3370 704 3414 eae
717 3370 811 3414 voces
825 3357 981 3434 acceptae,
999 3369 1063 3412 non
1080 3368 1184 3411 amore

154 3443 188 3506 in
204 3442 361 3519 maritum,
381 3443 438 3506 sed
454 3465 494 3506 ne
514 3441 611 3508 Silius
629 3467 753 3508 summa
769 3444 901 3529 adeptus
920 3450 1080 3528 sperneret
1097 3441 1185 3506 adul-

155 3545 255 3601 teram
268 3535 434 3620 seelusque
451 3537 532 3602 inter
545 3538 692 3624 ancipitia
703 3537 869 3624 pmbatum
887 3539 970 3604 veris
984 3561 1059 3606 mox
1075 3536 1183 3623 pretiis

155 3631 348 3695 aestimaret:
367 3653 481 3696 nomen
495 3641 600 3698 tamen
612 3633 801 3698 matrimonii
814 3633 992 3719 concupivit
1004 3631 1045 3696 ob
1062 3631 1185 3716 magni-

156 3725 296 3790 tudinem
309 3724 467 3804 infamiae,
486 3727 575 3792 euius
590 3727 675 3812 apud
686 3727 835 3813 prodigos
850 3726 1022 3792 novissima
1038 3724 1183 3807 voluptas

154 3831 212 3884 cst
239 3841 299 3884 nec
317 3820 398 3886 ultra
415 3830 579 3906 expectato
601 3844 697 3906 quam
714 3822 789 3886 dum
809 3821 952 3886 sacrificii
969 3817 1070 3904 gratia
1089 3815 1184 3881 Olau-

154 3914 225 3979 dius
250 3912 377 3980 Ostiam
399 3916 660 4000 proficisceretur,
688 3925 800 3981 cuncta
820 3913 999 4004 nuptiarum
1022 3909 1185 3975 sollemnia

154 4008 301 4074 celebrat
920 4009 922 4014 ’

217 4103 319 4169 Haud
341 4127 411 4170 sum
434 4105 562 4191 ignarus
586 4103 766 4170 fabulosum
787 4102 892 4165 visum
908 4100 946 4164 iri
969 4108 1089 4164 tantum
1111 4097 1182 4163 ullis
1202 4119 1231 4167 27

154 4197 333 4264 mortalium
356 4198 530 4264 securitatis
552 4199 652 4264 fuisse
674 4197 707 4261 in
729 4195 853 4261 civitate
876 4195 1015 4262 omnium
1038 4217 1137 4281 gnara
1154 4203 1183 4258 et

208 4315 280 4360 Taciti
291 4317 333 4360 eet.
343 4315 361 4358 1.
976 4306 1012 4362 13
