3020 4958
390 492 598 552 ANNALIUM
616 495 691 550 LIB.
705 497 784 553 XIV.
803 497 922 554 45-49.
1102 491 1166 556 275

139 587 299 639 aman

138 657 215 740 quid
230 655 299 720 fato
311 663 478 740 pateretur,
496 653 691 738 responderit
703 653 819 720 habers
834 653 1009 720 subsidium
1026 679 1092 724 rem
1109 683 1168 745 pu-

138 750 267 826 blicam,
290 746 475 835 rogantibus
494 747 620 824 dehinc,
643 747 676 811 in
693 769 756 832 quo
778 749 991 834 potissimum,
1014 753 1168 818 addiderit

137 845 169 908 in
181 842 339 908 Memmio
353 841 488 927 Regulo.
510 841 589 906 vixit
602 851 708 906 tamen
720 853 792 928 post
805 843 884 908 haec
894 843 1049 931 Regulus,
1064 847 1167 929 quiete

137 935 288 1002 defensus
307 945 339 1000 et
356 935 430 1019 quia
446 957 529 1000 nova
541 935 665 1022 generis
684 935 866 1002 claritudine
884 960 987 1022 neque
999 937 1166 1006 invidiosis

61 1069 64 1074 ·
137 1029 251 1115 opibus
261 1039 337 1094 erat.
361 1026 572 1113 Gymnasium
582 1051 619 1093 eo
628 1052 711 1094 anno
721 1030 1068 1111 dedicatumaNerone,
1078 1035 1168 1119 prae-

136 1124 301 1206 bitumque
319 1123 423 1187 oleum
441 1122 592 1206 equitiae
610 1123 732 1190 senatui
751 1121 875 1190 Graeca
891 1126 1049 1192 facilitate.

198 1217 240 1281 P.
249 1216 370 1293 Meno,
384 1217 426 1280 L.
436 1215 546 1282 Asnuo
561 1216 743 1283 consulibus
752 1216 910 1283 Antistius
924 1230 1057 1304 praetor,
1072 1242 1167 1304 quem
1184 1243 1217 1290 ss

135 1313 169 1375 in
185 1311 347 1375 tribunatu
358 1309 460 1396 plebis
475 1310 605 1375 licenter
621 1311 725 1396 egisse
744 1313 924 1388 memoravi,
942 1313 1095 1398 probrosa
1111 1316 1167 1379 ad-

134 1428 247 1470 versus
255 1404 429 1489 principem
442 1404 582 1468 carmina
590 1403 743 1472 factitavit
757 1405 959 1492 vulgavitque
969 1406 1083 1472 celebri
1093 1431 1166 1474 con-

135 1499 234 1576 vivio,
262 1499 341 1564 dum
366 1498 452 1583 apud
475 1495 639 1583 Ostorium
663 1495 834 1584 Scapulam
856 1501 1007 1585 epulatur.
1040 1502 1123 1566 exim
1146 1527 1166 1568 a

136 1591 327 1666 Cossutiano
347 1589 516 1677 Capitone,
540 1592 594 1675 qui
611 1613 713 1678 nuper
730 1594 918 1658 senatorium
937 1596 1077 1660 ordinem
1094 1619 1165 1682 pre-

135 1686 225 1752 cibus
248 1685 411 1772 Tigellini,
436 1685 621 1763 socerisui,
648 1696 822 1772 receperat,
848 1689 1019 1770 maiestatis
1042 1690 1163 1756 delatus

136 1790 197 1846 est:
216 1789 284 1843 tum
295 1779 432 1864 primum
449 1790 594 1846 revocata
612 1802 649 1844 ea
665 1780 726 1858 lex,
746 1781 990 1867 credebaturque
1008 1784 1093 1849 haud
1109 1807 1165 1871 pe-

135 1874 223 1938 rinde
241 1874 373 1938 exitium
385 1871 525 1939 Antistio
543 1896 638 1958 quam
650 1873 831 1960 imperatori
844 1876 977 1962 gloriam
994 1879 1111 1961 quaeri,
1129 1889 1165 1942 ut

135 1969 360 2033 condemnatus
383 1991 402 2032 a
420 1978 530 2035 senatu
551 1968 775 2056 intercessione
797 1968 963 2037 tribunicia
985 1971 1076 2034 morti
1098 1971 1164 2034 exi-

135 2070 280 2148 meretur.
308 2070 339 2126 et
361 2084 433 2125 oum
457 2059 603 2127 Ostorius
626 2062 705 2125 nihil
726 2062 886 2128 audivisse
907 2085 964 2148 pro
986 2062 1164 2128 testimonio

135 2157 276 2233 dixisset,
290 2156 430 2220 adversis
445 2155 578 2221 testibus
593 2156 756 2233 creditum,
771 2156 953 2239 censuitque
966 2156 1078 2222 Iunius
1091 2155 1164 2220 Ma

134 2252 248 2329 rullus,
272 2251 383 2315 consul
401 2250 599 2337 designatus,
622 2251 823 2316 adimendam
839 2273 893 2316 reo
915 2262 1092 2337 praeturam
1109 2275 1164 2316 ne-

135 2346 333 2429 candumque
347 2365 432 2408 more
441 2344 610 2423 maiorum;
624 2344 735 2409 ceteris
744 2345 818 2410 inde
828 2344 1071 2412 assentientibus
1080 2344 1163 2410 Pae-

136 2449 185 2504 tus
204 2439 348 2504 Thrasea
369 2438 467 2503 multo
490 2461 563 2504 cum
585 2438 704 2504 honore
723 2436 871 2504 Caesaris
893 2448 925 2504 et
946 2439 1095 2504 acerrime
1116 2439 1164 2504 in·

135 2532 253 2618 crepito
265 2530 415 2609 Antistio,
433 2554 497 2597 non
510 2531 664 2615 quidquid
674 2555 792 2598 nocens
809 2554 882 2598 reus
899 2532 966 2618 pati
982 2543 1161 2609 mereretur,

135 2626 168 2691 id
184 2626 313 2713 egregio
332 2625 391 2690 sub
402 2626 543 2711 principe
561 2634 593 2690 et
608 2625 695 2690 nulla
706 2627 892 2692 necessitate
906 2626 1054 2693 obstricto
1073 2651 1163 2694 sena-

135 2721 179 2785 tui
201 2718 402 2786 statuendum
425 2718 586 2797 dissentit3
613 2721 791 2786 camilicem
814 2730 847 2786 et
868 2721 1016 2805 laqueum
1041 2724 1163 2809 pridem

134 2815 264 2892 abolita,
291 2823 323 2878 et
344 2837 415 2880 esse
435 2836 554 2900 poenas
580 2813 705 2900 legibus
727 2815 930 2893 constitutas,
957 2816 1071 2899 quibus
1095 2817 1162 2881 sine

133 2910 274 2974 iudicum
296 2908 427 2974 saevitia
448 2920 479 2973 et
496 2918 672 2994 temporum
693 2909 825 2972 infamia
846 2909 999 2994 supplicia
1015 2911 1163 2974 decerne-

132 3015 253 3071 rentur:
272 3005 348 3088 quia
365 3004 398 3068 in
415 3003 532 3080 insula,
554 3003 722 3088 publicatis
740 3002 846 3079 bonis,
865 3024 929 3085 quo
945 3002 1079 3088 longius,
1090 3026 1163 3070 sou-

132 3109 195 3164 tem
218 3100 317 3163 vitam
338 3097 497 3174 tracisseb
525 3119 563 3162 eo
584 3096 730 3182 privatim
755 3095 944 3161 miseriorem
966 3106 997 3159 et
1018 3095 1162 3180 publicae

132 3193 317 3259 clementiae
334 3192 507 3256 maximum
525 3191 705 3276 exemplum
723 3191 874 3255 sutum.

195 3285 346 3352 Libertas
369 3286 529 3350 Thraseae
555 3284 717 3350 servitium
744 3284 875 3348 aliorum
897 3283 995 3369 rupit,
1023 3291 1057 3350 et.
1075 3289 1162 3367 post-
1179 3300 1212 3348 49

131 3403 229 3464 quam
246 3380 472 3444 discessionem
489 3379 600 3444 consul
615 3378 813 3464 permiserat,
836 3376 970 3463 pedibus
988 3377 1021 3442 in
1039 3385 1163 3442 senten-

132 3476 209 3539 tiam
222 3474 290 3538 eius
303 3473 377 3551 iere,
394 3474 504 3558 paucis
518 3473 670 3558 exeeptis3
687 3472 722 3536 in
734 3471 850 3556 quibus
868 3471 1044 3538 adulatione
1057 3493 1163 3558 prom-

130 3569 297 3654 ptissimus
319 3565 380 3632 fuit
396 3566 438 3631 A.
458 3566 619 3644 Vitellius,
646 3567 800 3653 optimum
822 3588 979 3651 quemque
996 3566 1099 3652 iurgio
1116 3566 1162 3632 las

132 3684 262 3728 cessens
281 3671 312 3726 et
328 3661 529 3747 respondenti
545 3661 695 3739 reticens,
717 3673 753 3730 ut
768 3662 885 3747 pavida
905 3660 1033 3746 ingenia
1051 3659 1160 3730 solent.

131 3765 164 3821 at
182 3755 327 3822 consules
348 3755 499 3841 perficere
516 3755 676 3822 decretum
699 3766 826 3820 senatus
843 3776 908 3819 non
925 3753 1008 3829 ausi,
1031 3752 1071 3816 de
1088 3772 1162 3813 cou-

132 3873 229 3916 sensu
252 3850 405 3935 scripsere
424 3847 569 3927 Caesari3
590 3849 643 3913 ille
660 3849 742 3914 inter
762 3849 915 3932 pudorem
937 3856 968 3910 et
984 3844 1064 3908 iram
1085 3865 1162 3908 cun-

131 3953 245 4021 ctatus,
262 3953 421 4029 postremo
438 3943 610 4030 rescripsit:
628 3943 716 4008 nulla
727 3941 841 4006 inituia
852 3948 1056 4024 provocatum
1068 3936 1162 4002 Anti·
1206 3999 1210 4008 .

133 4040 227 4104 stium
237 4039 441 4125 gravissimas
454 4041 488 4105 in
499 4041 674 4126 principem
687 4036 892 4103 contumelias
905 4035 1039 4113 dixisse3
1052 4057 1160 4100 earum

132 4133 283 4198 ultionem
301 4158 321 4198 a
336 4133 477 4220 patribus
489 4134 690 4219 postulatam,
708 4141 740 4196 et
755 4153 813 4216 pro
826 4129 1041 4216 magnitudine
1055 4129 1160 4196 delicti

132 4249 267 4312 poenam
286 4228 380 4292 statui
396 4251 454 4314 par
465 4228 576 4294 luisse
599 4236 737 4294 ceterum
755 4247 799 4302 se,
818 4225 872 4309 qui
891 4224 1088 4291 severitatem
1105 4225 1160 4289 de-

928 4325 989 4392 18*
