2960 4962
385 437 590 498 ANNALIUM
605 439 681 495 LIB.
694 439 747 496 111.
766 441 888 497 21-24.
910 477 923 492 .
1105 431 1145 499 91

124 527 233 578 ammo.

123 595 170 660 illa
185 595 217 660 in
234 596 420 683 cognitione
433 605 570 661 mentem
586 595 749 684 principis:
767 597 846 664 adeo
859 598 952 664 vertit
966 619 1006 664 ac
1022 600 1148 666 miscuit

123 689 179 754 irae
200 698 232 754 et
258 691 450 756 clementiae
476 691 580 776 signa3
607 690 790 776 deprecatus
817 693 918 777 primo
944 704 1087 758 senatum
1107 717 1147 760 ne

122 782 287 848 maiestatis
308 785 442 850 crimina
458 793 675 865 tractarentur,
693 807 768 850 mox
784 785 832 850 M.
854 783 1022 852 Servilium
1039 808 1056 851 e
1074 809 1148 852 con-

122 874 272 942 sularibus
297 878 442 960 aliosque
460 887 556 944 testes
578 877 686 942 inlexit
703 879 744 943 ad
760 878 948 964 proferenda
962 901 1045 962 quae
1062 880 1148 944 velut

121 969 229 1034 reicere
255 971 418 1050 voluerat3
444 972 589 1055 idemque
615 995 723 1040 servos
745 974 903 1059 Lepidae,
930 995 1003 1038 oum
1024 973 1149 1042 militari

122 1065 256 1130 custodia
273 1065 482 1144 haberentur,
501 1067 658 1134 transtulit
674 1067 715 1132 ad
733 1068 877 1133 consules
894 1090 996 1152 neque
1013 1090 1070 1153 per
1087 1077 1149 1133 tor·

120 1167 219 1222 menta
234 1159 428 1246 interrogari
444 1183 558 1246 passus
576 1171 626 1226 est
642 1161 682 1226 de
699 1162 738 1227 iis
756 1184 836 1245 quae
855 1163 895 1226 ad
912 1163 1040 1226 domum
1058 1185 1149 1228 suum

121 1251 307 1334 pertinerent
313 1278 324 1330 ;
344 1254 459 1318 exemit
476 1254 569 1318 etiam
586 1253 740 1332 Drusum,
760 1255 921 1322 consulem
939 1256 1147 1342 designatum,

122 1344 267 1410 dicendae
285 1347 392 1432 primo
408 1348 479 1412 loco
497 1347 682 1425 sententiae,
705 1349 790 1431 quod
807 1348 860 1413 alii
882 1348 972 1414 civile
989 1350 1147 1426 rebantur,

122 1458 158 1500 ne
174 1439 287 1504 ceteris
307 1441 506 1523 adsentiendi
528 1441 698 1507 necessitas
716 1441 817 1518 fieret,
839 1442 967 1525 quidam
985 1443 1026 1507 ad
1048 1443 1149 1508 saevi-

123 1530 191 1594 tiam
204 1532 388 1598 trahebant:
403 1555 506 1618 neque
520 1534 602 1599 enim
611 1557 773 1600 cessurum
782 1536 843 1601 nisi
856 1537 1023 1602 damnandi
1032 1537 1146 1602 officio.

178 1625 309 1712 Lepida
322 1627 468 1692 ludorum
480 1628 601 1706 diebus,
620 1629 675 1712 qui
687 1629 895 1716 cognitionem
907 1631 1145 1708 intervenerant,
1165 1649 1198 1699 23

124 1717 273 1786 theatrum
292 1745 368 1787 cum
386 1722 478 1788 claris
496 1722 620 1788 feminis
639 1720 1033 1809 ingressa,lamentatione
1050 1724 1147 1791 flebili

123 1813 250 1879 maiores
270 1838 349 1880 suos
368 1815 453 1881 ciens
475 1817 640 1902 ipsumque
656 1816 858 1902 Pompeium,
881 1819 970 1884 cuius
992 1842 1030 1884 ca
1047 1819 1148 1884 moni-

125 1917 223 1970 menta
243 1918 277 1974 et
300 1909 463 1974 adstantes
485 1909 638 1996 imagines
660 1909 854 1988 visebantur,
881 1922 1002 1976 tantum
1027 1911 1149 1976 miseri·

124 1999 241 2065 cordiae
253 2001 413 2087 permovit
431 2010 466 2066 ut
483 2001 575 2068 effusi
592 2003 626 2068 in
642 2002 786 2068 lacrimas
805 2027 899 2068 saeva
917 2013 948 2067 et
965 2003 1149 2067 detestanda

127 2089 261 2173 Quirinio
280 2095 492 2174 clamitarent,
514 2096 600 2160 cuius
621 2106 766 2161 senectae
788 2107 881 2179 atque
903 2095 1027 2160 orbitati
1044 2105 1075 2160 et
1093 2095 1148 2160 ob·

126 2188 321 2254 scurissimae
339 2190 447 2256 domui
464 2190 618 2255 destinata
635 2190 794 2274 quondam
812 2212 890 2255 uxor
906 2191 948 2255 L.
964 2188 1094 2256 Caesari
1111 2211 1148 2254 ac

127 2278 191 2345 divo
210 2281 366 2370 Augusto
388 2307 485 2349 nurus
508 2281 682 2352 dederetur.
710 2285 782 2348 dein
804 2284 965 2350 tormentis
987 2306 1148 2349 servorum

128 2375 280 2454 patefacta
308 2387 381 2442 sunt
411 2377 543 2464 flagitia,
573 2379 714 2462 itumque
740 2379 773 2442 in
799 2378 984 2444 sententiam
1009 2377 1147 2444 Rubellii

127 2463 242 2549 blandi,
261 2495 284 2537 a
302 2494 364 2555 quo
377 2493 459 2555 aqua
472 2483 565 2555 atque
583 2471 650 2558 igni
667 2472 829 2538 arcebatur
834 2498 843 2551 ;
861 2473 934 2538 huic
947 2472 1078 2538 Drusus*
1092 2473 1149 2537 ad·

128 2563 229 2642 sensit,
255 2587 451 2649 quamquam
473 2566 526 2630 alii
550 2566 657 2630 mitius
683 2567 891 2644 censuissent3
918 2589 994 2652 mor¹
1016 2564 1146 2644 Scauro,

129 2655 176 2735 qui
190 2657 289 2724 filiam
312 2681 352 2724 ex
369 2681 407 2723 eo
423 2669 587 2745 genuerat,
610 2659 718 2724 datum
735 2681 774 2724 ne
797 2660 879 2725 bona
900 2659 1156 2746 publicarenturr

129 2755 188 2813 tum
204 2753 334 2818 demum
352 2753 473 2838 aperuit
491 2751 638 2819 Tiberius
660 2763 842 2838 conpertum
861 2753 921 2819 sibi
939 2755 1033 2818 etiem
1051 2776 1091 2820 ex
1107 2753 1146 2820 P.

131 2837 257 2922 Quirinii
276 2845 376 2910 servis
394 2868 515 2910 veneno
533 2868 606 2910 eum
623 2869 643 2910 a
659 2847 784 2932 Lepida
800 2847 942 2933 petitum.

184 2937 372 3005 Inlustrium
394 2940 545 3005 domuum
567 2941 699 3005 adversa
716 2979 758 2988 —
776 2941 890 3006 etenim
912 2940 997 3004 haud
1015 2939 1148 3003 multum
1166 2960 1199 3006 24

130 3025 247 3098 distanti
262 3043 402 3118 tempore
417 3031 580 3119 Calpurnii
587 3033 747 3111 Pisonem,
762 3032 891 3104 Aemilii
899 3032 1059 3116 Lepidam
1071 3032 1149 3094 aad·

131 3137 224 3192 serant
241 3165 286 3176 —
304 3127 416 3192 solatio
437 3127 553 3193 adfecit
573 3127 618 3192 D.
638 3126 765 3194 Silanus
787 3125 898 3190 Iuniae
920 3123 1056 3188 familiae
1079 3124 1150 3188 red-

130 3213 217 3298 ditus3
236 3243 348 3285 casum
366 3221 433 3286 eius
445 3222 554 3306 paucis
568 3231 716 3308 repetam.
739 3229 775 3284 ut
792 3219 896 3284 valida
913 3219 986 3282 divo
1000 3215 1149 3304 Augusto

131 3307 236 3378 iurem
253 3314 415 3400 publicam
431 3316 571 3393 fortuna,
593 3317 637 3380 ita
653 3315 740 3381 domi
761 3315 944 3400 inprospera
966 3312 1025 3378 fuit
1043 3313 1084 3378 ob
1101 3313 1149 3378 in-

131 3407 304 3486 pudicitiam
317 3409 400 3474 filiae
417 3431 455 3474 ac
472 3411 586 3495 neptis,
605 3431 684 3493 quas
702 3409 779 3476 urbe
792 3409 911 3495 depulit
928 3407 1147 3491 adulterosque

132 3517 227 3567 earum
245 3512 346 3567 morte
363 3513 418 3568 aut
435 3503 513 3589 suga
529 3504 665 3589 punivit;
683 3527 757 3568 nam
771 3503 895 3589 culpam
913 3504 992 3571 inter
1008 3503 1092 3568 viros
1111 3523 1148 3566 ao

131 3590 255 3662 tennes
277 3597 439 3683 vulgatam
460 3599 551 3684 gravi
575 3598 701 3664 nomine
726 3599 882 3664 laesarum
902 3599 1089 3684 religionum
1111 3617 1148 3661 ac

131 3687 254 3756 dolatae
276 3692 449 3757 maiestatis
467 3693 652 3777 appellando
674 3693 870 3760 clementiam
888 3692 1040 3756 maiorum
1059 3712 1149 3754 suas-

23 3795 25 3808 '
131 3800 183 3862 que
206 3787 277 3870 ipse
302 3785 390 3871 leges
417 3785 644 3872 egrediebatur.
676 3788 733 3852 sed
758 3787 888 3851 aliorum
911 3785 1027 3858 exitus,
1055 3781 1148 3845 simul

132 3885 224 3943 cetera
241 3879 326 3944 illius
344 3880 455 3946 aetatis
473 3881 668 3958 memorabo,
692 3881 719 3945 si
737 3880 856 3944 effectis
879 3878 912 3941 in
929 3896 1010 3958 quae
1032 3873 1149 3938 tetendi

130 3967 226 4051 plures
244 3974 287 4038 ad
305 3996 396 4038 curas
413 3974 510 4039 vitam
523 3975 712 4060 produxero:
730 3973 774 4036 D.
791 3969 917 4036 Silanus
930 3968 964 4031 in
980 3967 1067 4054 nepti
1080 3964 1149 4030 Au-

131 4069 205 4146 gusti
222 4068 361 4145 adulter,
383 4090 573 4153 quamquam
591 4091 655 4132 non
673 4067 754 4131 ultra
775 4064 855 4128 foret
878 4062 1031 4127 saevitum
1053 4083 1148 4145 quam

132 4167 159 4222 ut
169 4162 307 4228 amicitia
320 4159 466 4228 Caesaris
484 4161 709 4248 prohiberetur,
728 4157 856 4225 exilium
869 4155 930 4224 sibi
942 4155 1148 4224 demonstrari
