2966 4960
500 423 640 503 'scan’ns
658 459 875 506 commemo.
1195 459 1236 506 IX

152 579 248 628 autem
257 569 391 642 Agricola
400 588 424 624 a.
435 571 469 624 70
477 587 505 639 p.
515 569 685 626 Chr.inBri-
702 571 832 640 mitiano,
855 589 873 625 a
891 586 946 641 quo
970 571 1135 642 dignitatem
1158 589 1236 628 suam

151 641 278 694 tanniam
291 639 391 692 missus
406 639 455 707 sit,
469 639 544 692 uude
558 657 582 692 a.
597 641 630 693 73
641 656 685 694 re·
704 643 806 709 longius
810 651 961 708 provectam
971 640 1053 708 dicit;
1062 658 1127 694 nam
1137 642 1236 696 eodem

152 709 217 777 diit,
237 724 356 777 cumque
373 724 470 760 rursus
488 723 513 760 a.
524 706 557 759 74
569 707 684 778 Aquita·
703 708 858 777 imperante
869 708 932 761 a.88
941 713 1099 786 praetorem
1108 709 1196 763 fuisse
1203 725 1237 762 ac

150 777 216 830 niae
248 775 406 845 raepositus
416 791 468 854 per
477 780 534 828 tres
543 792 685 843 paenean·
704 776 786 829 simul
812 776 971 829 sacerdotio
997 775 1238 845 quindecimvirali

148 860 203 896 nos
241 859 305 896 orna
315 841 445 911 abfuerit,
453 842 501 912 qui
510 844 686 898 consulatum
702 843 860 913 praeditum
869 843 1237 898 ludissaecularibusinten·

150 911 210 964 eius
220 916 443 977 antecesserunt,
460 909 505 962 vix
518 910 627 964 videtur
640 927 685 966 ve·
703 912 760 964 tius
770 909 883 964 affuisse
897 909 987 979 ipsius
1000 911 1161 964 testimonio
1172 928 1237 966 con·

148 978 266 1032 risimile
280 979 387 1032 Romae
402 995 464 1032 cum
479 977 546 1031 satis
559 978 685 1047 potuisse
704 983 801 1048 statae
818 995 871 1033 nec
890 977 1026 1046 suspicari
1044 979 1112 1032 licet
1128 979 1238 1049 aliquot

148 1062 243 1100 mores
259 1052 288 1099 et
300 1045 444 1115 ingenium
458 1046 565 1100 iuvenis
579 1046 685 1116 perspi·
704 1048 785 1100 annis
802 1053 963 1115 praeturam
980 1045 1096 1098 dilatam
1119 1063 1181 1100 esec
1199 1047 1237 1100 ob

150 1131 214 1168 cere
231 1130 316 1194 quem
342 1113 685 1184 enerumcligeret3quare
704 1115 799 1169 odium
824 1112 979 1168 Domitiani
1004 1112 1033 1166 in
1060 1113 1238 1182 Agricolam

149 1154 227 1235 haud
237 1197 328 1260 impro
351 1180 426 1234 abile
436 1181 503 1260 inibi
513 1181 685 1235 videtur'l'a-
705 1183 813 1236 scilicet
821 1183 870 1260 qui
884 1181 982 1260 tavent
991 1180 1092 1259 Tacito
1097 1221 1106 1261 ,
1122 1182 1237 1260 credere

149 1250 235 1303 citum
250 1250 394 1301 tribunum
407 1249 523 1302 militum
537 1266 599 1303 cum
613 1250 686 1303 eoin
704 1251 813 1303 malunt
842 1249 914 1302 nlhll
940 1255 1048 1318 gratiae
1079 1265 1105 1302 er
1132 1265 1236 1302 sacris·

147 1316 307 1387 Aquitania
317 1323 455 1371 versatum
465 1333 528 1371 esse
538 1317 685 1370 contuber-
705 1318 802 1372 simum
825 1322 973 1386 tyrannum
995 1315 1141 1383 tribuisse3
1160 1315 1237 1386 quid,

148 1387 196 1438 nio
208 1385 273 1439 eius
302 1391 402 1438 utmos
413 1390 486 1453 erat,
500 1384 593 1438 adseri
614 1390 685 1453 tum,
705 1386 781 1455 quod
790 1384 904 1439 fuerunt
919 1383 1003 1438 etiam
1013 1384 1061 1454 qui
1076 1400 1161 1454 quum
1174 1383 1237 1440 ulti·

148 1467 242 1521 nequc
254 1425 410 1506 abhorrent
419 1468 490 1520 quac
499 1453 576 1521 ipsc'
596 1453 686 1506 acitus
704 1471 777 1506 mum
790 1459 856 1507 ante
870 1451 1021 1521 Agricolae
1040 1457 1156 1505 mortem
1171 1468 1238 1520 qua·

150 1521 184 1574 de
194 1520 350 1590 Agricolae
360 1518 551 1589 inAquitania
566 1536 685 1574 commo·
705 1520 859 1575 drienuium
867 1521 957 1573 Roma
966 1519 1098 1588 abfuerit,
1108 1520 1237 1573 exulasse

148 1589 262 1642 ratione
275 1587 368 1654 tradit,
379 1587 427 1640 ubi
438 1604 498 1641 cum
508 1588 578 1641 nibil
592 1589 685 1642 admo·
705 1587 1237 1666 eumauttaediotemporumsecessisse

149 1656 214 1708 dum
225 1654 342 1708 maioris
352 1653 392 1707 rei
401 1660 512 1724 gestum
522 1655 617 1734 sit,rix
627 1672 685 1709 cre·
705 1653 1019 1725 statuerentparumrlli
1021 1655 1237 1774 perspicientes,

149 1723 237 1777 dibile
254 1729 300 1776 est
308 1727 352 1775 tot
365 1723 457 1776 verbis
467 1728 524 1777 tarn
538 1723 587 1776 dili
609 1729 686 1776 enter
704 1740 759 1794 quo
770 1723 799 1777 in
809 1731 884 1778 statu
893 1731 951 1776 tum
960 1739 1006 1775 ree
1016 1723 1022 1742 '
1034 1722 1109 1776 *aciti
1118 1722 1239 1789 fuerint,

149 1807 183 1844 ac
200 1797 261 1844 tam
282 1789 406 1844 studiose
426 1790 565 1844 dicturum
588 1741 685 1857 inisse,
705 1792 752 1861 qui
775 1809 838 1846 cum
855 1791 1005 1861 Agricolae
1030 1791 1157 1859 exemplo
1180 1807 1238 1844 non

149 1858 295 1928 quomodo
316 1874 345 1911 se
363 1855 499 1928 Agricola
520 1858 549 1913 in
572 1858 685 1912 admini-
703 1859 838 1939 probaret
860 1875 910 1914 eos
937 1857 986 1928 qui
1008 1857 1183 1912 contumacia
1210 1864 1239 1910 et

149 1927 269 1980 stranda
290 1926 436 1994 provincia
457 1925 611 1996 gesserit,²³
632 1926 686 1978 nisi
704 1927 780 1980 inani
798 1925 949 1981 iactatione
973 1924 1111 1980 libertatis
1134 1924 1238 1978 famem

147 1994 256 2062 ipseiis
272 1993 354 2046 rebus
367 1993 554 2062 interfuisset3
573 1994 649 2063 quod
663 1993 685 2046 si
704 1994 848 2065 fatumque
870 1999 1066 2062 provocarent,
1113 1993 1154 2046 ari
1174 2009 1238 2071 pro·

148 2061 188 2115 ita
205 2069 267 2128 est,
286 2061 371 2130 plane
388 2061 539 2130 Agricolae
558 2061 685 2130 exemplo
705 2061 781 2116 fecto
792 2061 1034 2140 prudentiaatque
1045 2010 1238 2114 moderauone

169 2135 215 2182 ost
237 2127 331 2198 prima
353 2135 507 2182 carnorum
529 2129 687 2184 rudimenta
704 2130 734 2182 in
747 2128 918 2198 accipiendis
937 2126 1091 2181 bonoribus
1104 2144 1172 2180 usus
1187 2133 1239 2188 est,

194 2213 271 2250 marn
296 2213 443 2266 regressus
464 2213 578 2251 uxorem
600 2196 686 2250 duxit.
706 2193 1238 2268 quasoceriramprincipisleniebat3ll

149 2261 263 2318 Deinde
288 2281 352 2317 cum
374 2265 496 2318 bonores
515 2270 685 2334 capesseret,
706 2281 792 2335 quare
811 2263 916 2335 siquis
934 2269 1093 2332 praeturam
1110 2279 1174 2316 eum
1188 2278 1238 2315 suo

149 2331 251 2401 viginti
261 2330 349 2386 ferme
359 2348 448 2386 annos
461 2338 544 2386 natus
554 2349 578 2386 a.
589 2333 622 2385 '18
631 2332 686 2386 for·
705 2329 1156 2402 annoipsumrcpudiassestatuit,
1162 2329 1240 2384 nulla

150 2405 225 2453 tasse
236 2400 381 2453 decemvir
391 2399 514 2454 stlitibus
528 2399 687 2456 iudicandis
705 2401 776 2456 ratio
786 2407 855 2469 erat,
867 2417 915 2454 cur
924 2415 981 2452 non
991 2397 1064 2452 idem
1074 2398 1183 2468 aliquot
1191 2415 1239 2452 an·

149 2465 243 2520 factus
282 2473 338 2534 est,
368 2467 441 2521 sicut
471 2469 581 2538 aliquot
606 2467 687 2521 annis
705 2469 748 2522 nis
758 2476 824 2538 post
836 2468 958 2534 faceret,
977 2466 1155 2522 Domitianus
1171 2483 1238 2520 vero

170 2543 253 2589 ostea
263 2535 386 2604 Plinius,
400 2552 435 2589 ea
450 2535 522 2589 enim
536 2542 628 2590 aetate
644 2552 686 2589 so·
706 2538 831 2616 quamvis
842 2535 949 2590 odisset
957 2532 1120 2604 Agricolam
1132 2533 1238 2604 gravis·

150 2552 377 2656 iebantiuvenes
391 2604 436 2658 vel
450 2603 528 2656 illum
542 2603 686 2674 magistra-
706 2621 787 2672 sime,
811 2603 985 2658 dissimulata
1007 2601 1163 2656 offensione
1181 2617 1239 2679 nori

150 2677 207 2723 tum
217 2671 266 2724 vel
276 2671 570 2740 aliamvigintiriratus
579 2679 687 2740 partem
706 2673 796 2726 solum
806 2671 992 2741 amplissimos
1003 2669 1028 2724 ei
1038 2670 1075 2724 ob
1086 2686 1131 2723 res
1140 2669 1169 2722 in
1179 2667 1240 2720 Bri·

153 2739 270 2792 ostreae
295 2737 390 2809 Atque
406 2739 514 2792 videtur
524 2739 625 2793 adhoc
638 2739 686 2792 bo·
705 2741 802 2794 tannia
832 2745 908 2794 estas
921 2739 1044 2792 honores
1054 2737 1168 2791 decerni
1183 2735 1239 2789 ius-

151 2822 251 2859 norum
261 2806 370 2859 initium
379 2807 519 2876 pertinere
531 2807 606 2878 quod
622 2806 687 2860 scri·
706 2810 756 2877 sit,
776 2757 831 2862 seg
845 2808 929 2861 etiam
952 2805 1137 2876 sequentibus
1158 2802 1240 2858 annis

152 2873 192 2926 bit
201 2874 323 2954 'lfacitus
332 2874 501 2944 ¹dignitatem
516 2891 594 2927 suam
608 2875 687 2954 a'Ve·
707 2875 897 2956 saevissimum
907 2873 1028 2954 animum
1035 2871 1240 2952 aquniaper·

151 2943 688 3080 lttlttttltttt,tsttltt:
705 2939 1240 3081 tltllttttttlttlttttzttflt

153 3075 320 3146 dignitatem
331 3077 449 3142 auxerit,
456 3077 509 3130 nisi
518 3077 591 3131 forte
598 3079 632 3132 de
639 3077 688 3131 ali·
707 3078 834 3148 mulavit,
848 3078 878 3130 in
891 3082 980 3129 morte
996 3075 1119 3143 speciem
1133 3073 1238 3126 doloris

154 3160 208 3263 quo
218 3144 380 3199 sacerdotio
390 3146 435 3199 vel
445 3162 556 3199 munere
567 3151 688 3198 extraor·
707 3163 775 3215 prae
794 3161 824 3198 se
842 3144 945 3211 tulit32⁸
966 3159 1023 3196 non
1043 3148 1139 3210 potest
1155 3140 1242 3218 igitur

172 3212 472 3282 inariocogitabimus3
490 3230 555 3266 uam
564 3213 688 3283 reliquos
708 3211 943 3275 credibilevideri‚
954 3211 1241 3279 ingeneroeumrram

153 3279 278 3335 honores
289 3281 313 3333 si
323 3297 373 3333 suo
385 3297 524 3351 quemque
539 3297 613 3334 anno
624 3280 688 3334 ade·
707 3282 784 3335 illam
801 3279 973 3349 prodidisse,
993 3294 1077 3347 quam
1095 3276 1124 3329 in
1142 3291 1240 3355 socero

153 3355 218 3416 ptus
234 3354 279 3403 est
308 3356 485 3419 quaestorem
500 3366 525 3402 a.
540 3348 583 3416 84,
602 3349 688 3401 tribu·
707 3349 893 3419 reposuisset3
912 3353 973 3401 erat
993 3352 1086 3399 autem
1099 3344 1157 3398 irae
1170 3344 1240 3397 indr-

153 3433 217 3468 num
227 3389 322 3486 plebis
332 3416 376 3469 vel
391 3416 510 3470 aedilem
520 3433 544 3470 a.
553 3416 587 3469 86
600 3415 688 3469 fuisse
708 3418 793 3486 oium,
810 3417 833 3470 si
842 3414 934 3470 Taciti
963 3420 1076 3468 raetura
1090 3411 1241 3482 ultralegi·

152 3485 314 3552 putabimus
331 3483 485 3554 imperante
505 3482 617 3554 quidem
630 3483 688 3537 Do·
707 3487 803 3539 timum
821 3502 924 3538 annum
943 3434 1032 3537 dilata
1049 3487 1125 3536 esset
1156 3480 1241 3549 idque

524 3550 531 3565 '
708 3570 741 3608 eo
760 3553 822 3633 ipso
840 3558 975 3621 tempore,
995 3567 1057 3602 oum
1075 3521 1161 3619 paulo
1176 3553 1240 3601 ante

177 3623 203 3659 ²³
221 3621 311 3661 tues.
707 3621 841 3691 Agricola
849 3619 1029 3689 triumphalia
1040 3621 1203 3671 ornamenta
1213 3619 1242 3667 et

155 3672 689 3774 mi⁴vrifiiffiffiffufflff‘ffispm⁹¹¹·
707 3689 824 3742 illustris
844 3693 953 3742 statuae
972 3687 1107 3740 honorem
1121 3689 1151 3737 et
1165 3683 1240 3751 quic·

179 3775 335 3824 renascar.
362 3773 579 3824 Mittdaltastrlo,
593 3772 690 3816 letatus
708 3758 775 3828 quid
800 3774 852 3826 pro
874 3755 1014 3822 triumpho
1038 3752 1099 3806 dari
1122 3750 1241 3815 solebat,

155 3824 303 3876 neccessario
316 3837 354 3868 acc
367 3825 688 3877 intrariocopntti.dipnilatom
707 3825 794 3879 multo
809 3825 957 3878 verborum
974 3822 1081 3874 honore
1100 3817 1242 3872 cumulata

155 3883 250 3976 :im
260 3875 689 3982 :pmiifffigfffssssfflgssffl
707 3892 877 3961 accepisset,
887 3891 1043 3942 immovero
1054 3905 1078 3940 sr
1087 3886 1146 3940 ulla
1156 3901 1243 3938 causa

155 3975 272 4020 cosmam.
292 3979 340 4029 Quo
354 3981 402 4020 1000
417 3991 464 4019 cum
482 3990 525 4019 non
544 3980 609 4018 vitem
628 3991 688 4019 susm
707 3968 784 4015 esset
792 3957 960 4029 probabilis,
971 3973 1020 4010 cur
1028 3959 1182 4010 maturatos
1193 3968 1241 4020 po-

156 4035 237 4070 emat
246 4031 283 4070 sed
293 4031 398 4070 beneflcls
411 4033 562 4080 lmperctorum
572 4031 594 4069 ln
606 4040 629 4070 se
644 4031 688 4069 col·
710 4049 873 4061 -—-—

156 4079 198 4118 lats
210 4087 368 4127 commemoret,
383 4092 456 4130 parum
469 4085 526 4121 recte
540 4085 621 4120 sutum
635 4091 688 4131 quae
731 4081 757 4119 ld
774 4079 832 4118 Ann.
842 4079 878 4124 XI.
889 4080 922 4118 11.

156 4131 235 4170 minora
243 4137 294 4172 sunt
307 4133 405 4181 neglecta
419 4143 466 4172 esse
475 4137 497 4172 et
510 4131 645 4180 indignitate
656 4133 688 4172 ln·
731 4133 755 4170 at
774 4129 846 4178 Agrlc.
857 4140 876 4167 c.
886 4131 918 4168 ta.

157 4182 230 4222 choum
238 4187 374 4234 questurum
383 4183 482 4232 intelllgi.
730 4182 756 4221 28
774 4180 803 4220 lb.
814 4190 833 4218 c.
843 4181 934 4220 39-43.
