2958 4960
335 445 374 512 18
683 453 868 510 CORNELII
881 451 1014 510 TACITI

333 613 482 692 tenebris,
506 623 541 678 ut
558 620 631 678 sunt
648 611 780 676 mobiles
798 611 839 676 ad
857 610 1106 696 superstitionem
1128 551 1366 698 perctdslaidseel·

332 710 395 776 mel
411 717 542 786 mentes,
561 706 621 772 sibi
639 715 798 770 aeternum
816 705 955 770 laborem
971 706 1124 790 portendi,
1143 729 1202 771 sna
1218 707 1365 776 facinora

332 803 470 870 aversari
491 803 568 867 deos
585 799 803 864 lamentantur.
827 799 978 864 utendum
999 799 1198 865 inclinatione
1220 821 1260 866 ea
1279 801 1363 868 Cae-

332 921 384 964 sar
400 907 432 962 et
448 917 529 980 quae
551 917 643 960 casus
666 893 821 960 obtulerat
841 892 875 957 in
893 893 1077 978 sapientiam
1099 894 1251 958 vertenda
1271 905 1362 962 ratus

330 990 486 1058 circumiri
511 988 643 1056 tentoria
667 986 769 1064 iubet3
795 986 913 1052 accitur
939 985 1078 1051 centmio
1101 984 1251 1052 Clemens
1279 999 1312 1054 et
1333 987 1361 1052 si

331 1085 384 1150 alii
401 1084 491 1150 bonis
514 1081 632 1149 artibus
654 1080 736 1167 grati
758 1081 791 1144 in
808 1080 938 1166 vulgus:
961 1079 984 1143 ii
1006 1079 1135 1164 vigiliis,
1159 1081 1361 1159 stationibus,

331 1178 481 1244 custodiis
498 1186 657 1262 portarum
675 1196 709 1240 se
727 1173 880 1250 inserunt,
899 1195 989 1258 spem
1007 1173 1155 1250 offerunt,
1174 1182 1296 1238 metum
1314 1176 1363 1240 in·

331 1273 471 1340 tendunt.
497 1290 679 1354 „quousque
701 1267 800 1332 filium
817 1267 1012 1352 imperatoris
1031 1266 1266 1360 obsidebimus?
1288 1269 1360 1353 quis

256 1411 260 1426 Ι
331 1366 534 1432 certaminum
551 1363 642 1428 finis?
662 1361 877 1428 Percennione
900 1371 931 1426 et
947 1360 1105 1428 Vibuleno
1128 1374 1360 1428 sacramentum

330 1460 442 1526 dicturi
465 1457 593 1524 sumus?
614 1456 807 1522 Percennius
830 1464 862 1519 et
878 1454 1054 1520 Vibulenus
1077 1456 1231 1542 stipendia
1253 1456 1360 1523 militi·

329 1553 404 1630 bus,
428 1574 520 1638 agros
539 1550 675 1615 emeritis
693 1549 882 1635 largientur?
904 1549 1038 1633 denique
1056 1571 1113 1634 pro
1130 1549 1309 1616 Neronibus
1328 1561 1358 1616 et

329 1646 445 1712 Drusis
467 1645 633 1731 imperium
654 1644 763 1729 populi
780 1643 916 1708 Romani
938 1643 1121 1728 capessent?
1142 1643 1220 1726 quin
1240 1644 1357 1729 potius,

329 1750 364 1805 ut
380 1739 545 1806 novissimi
560 1739 594 1803 in
612 1739 746 1823 culpam,
765 1737 809 1812 ita
825 1737 917 1822 primi
936 1737 976 1801 ad
989 1737 1211 1823 paenitentiam
1229 1739 1360 1802 smnus?

329 1835 418 1900 tarda
436 1842 509 1900 sunt
525 1855 606 1918 quae
618 1832 652 1896 in
669 1853 835 1897 commune
849 1830 1100 1916 expostulantur:
1118 1831 1272 1916 privatam
1286 1855 1360 1918 gra-

329 1931 405 1996 tiam
423 1929 527 1994 statim
545 1950 696 2005 mereare,
715 1927 821 1992 statim
838 1928 1000 2013 recipias.“
1025 1928 1188 1994 commotis
1206 1949 1263 2013 per
1279 1929 1360 1994 haee

330 2023 485 2090 mentibus
504 2034 536 2088 et
556 2023 637 2088 inter
655 2045 689 2090 se
712 2022 867 2107 suspectis
889 2022 1021 2086 tironem
1039 2045 1058 2086 a
1075 2031 1237 2101 veterano,
1259 2021 1360 2110 legio-

329 2141 402 2185 nem
424 2118 583 2206 alegione
606 2117 784 2183 dissociant.
812 2127 880 2180 tum
900 2117 1001 2182 redire
1022 2117 1174 2202 paulatim
1197 2141 1285 2182 amor
1302 2118 1360 2184 ob·

330 2212 443 2298 sequii:
471 2213 616 2277 omittunt
641 2221 762 2297 portas,
790 2211 881 2298 signa
906 2233 1003 2275 unum
1024 2211 1058 2275 in
1079 2211 1183 2276 locum
1203 2212 1360 2298 principio

330 2306 489 2371 seditionis
508 2314 698 2391 congregata
716 2327 789 2370 suas
807 2305 841 2368 in
859 2305 950 2370 sedes
967 2304 1116 2370 referunt.
1136 2347 1140 2354 -

280 2423 311 2472 29
393 2398 521 2464 Drusus
540 2407 607 2464 orto
625 2398 676 2462 die
694 2407 725 2462 et
746 2408 859 2464 vocata
880 2399 1038 2476 contione,
1062 2419 1252 2483 quamquam
1269 2401 1359 2465 rudis

329 2492 462 2569 dicendi,
480 2490 641 2556 nobilitate
658 2491 798 2577 ingenita
814 2484 938 2558 incusat
950 2493 1062 2578 priora,
1081 2492 1193 2578 probat
1209 2515 1361 2578 praesen-

329 2585 385 2662 tia;
403 2593 499 2670 negat
517 2606 551 2649 se
574 2594 688 2650 terrore
706 2593 738 2648 et
754 2584 847 2650 minis
870 2587 968 2651 vincit
991 2587 1089 2652 flexos
1112 2588 1153 2651 ad
1170 2588 1360 2654 modestiam

329 2680 357 2744 si
373 2678 487 2755 videat,
507 2678 534 2744 si
552 2678 709 2765 supplices
727 2678 842 2757 audiat,
863 2681 1051 2764 scripturum
1067 2680 1149 2765 patri
1162 2689 1197 2744 ut
1213 2680 1359 2765 placatus

328 2773 488 2860 legionum
505 2794 615 2858 preces
638 2773 804 2858 exciperet.
832 2774 992 2840 orantibus
1014 2797 1138 2840 rursum
1160 2774 1244 2840 idem
1262 2775 1361 2842 Blae-

329 2891 383 2934 sus
402 2875 433 2932 et
449 2867 490 2930 L.
505 2864 678 2951 Apronius,
698 2887 795 2950 eques
813 2866 976 2932 Romanus
995 2889 1012 2932 e
1030 2867 1156 2934 cohorte
1174 2867 1284 2948 Drusi,
1302 2869 1360 2935 Iu-

330 2971 459 3045 stusque
486 2958 653 3039 Catonius,
679 2960 772 3046 primi
798 2961 914 3026 ordinis
940 2962 1093 3040 centuri0‚
1127 2963 1169 3028 ad
1194 2962 1359 3030 Tiberium

329 3055 502 3121 mittuntur.
530 3063 682 3120 certatum
699 3053 771 3120 inde
790 3055 966 3133 sententiis,
989 3078 1061 3120 eum
1079 3056 1131 3120 alii
1149 3057 1358 3141 opperiendos

328 3149 449 3236 legatos
467 3160 561 3234 atque
574 3150 697 3214 interim
711 3149 856 3215 comitate
868 3149 1126 3235 permulcendum
1139 3150 1269 3216 militem
1283 3173 1360 3216 cen-

329 3253 445 3321 serent,
469 3244 523 3308 alii
544 3243 722 3309 fortioribus
745 3244 890 3310 remediis
913 3245 1083 3330 agendum:
1106 3243 1184 3308 nihil
1205 3244 1238 3308 in
1259 3245 1359 3332 vulgo

329 3336 500 3414 modicum3
527 3345 656 3413 terrere,
678 3336 711 3400 ni
732 3346 881 3421 paveant3
908 3336 962 3403 ubi
983 3337 1211 3423 pertimuerint,
1238 3338 1358 3423 inpune

329 3430 498 3494 contemni:
518 3430 594 3492 dum
608 3431 785 3514 superstitio
799 3441 918 3515 urgeat,
938 3432 1117 3497 adiciendos
1137 3454 1177 3496 ex
1194 3432 1274 3498 duee
1291 3455 1360 3498 me·

329 3531 379 3586 tus
398 3521 530 3588 sublatis
548 3523 708 3588 seditionis
727 3524 914 3589 auctoribus.
938 3524 1124 3610 Promptum
1139 3526 1180 3590 ad
1197 3527 1360 3611 asperiora

328 3615 489 3702 ingenium
506 3614 615 3682 Druso
637 3626 716 3682 erat:
739 3627 867 3683 vocatos
885 3618 1078 3684 Vibulenum
1100 3628 1131 3684 et
1148 3618 1360 3686 Percennium

328 3709 460 3776 interfici
477 3708 577 3788 iubet3
601 3710 727 3774 uadunt
747 3711 888 3796 plerique
909 3712 991 3777 intra
1008 3712 1246 3778 tebemaculum
1267 3713 1359 3778 ducis

279 3823 311 3872 30
329 3804 468 3882 obrutos,
487 3803 539 3870 alii
552 3826 682 3890 corpora
699 3815 787 3870 extra
799 3805 916 3870 vallum
934 3805 1056 3874 abiecta
1069 3806 1214 3873 ostentui.
1237 3816 1306 3872 tum
1323 3817 1359 3872 ut

329 3898 462 3983 quisque
470 3898 657 3984 praecipuus
667 3896 816 3976 turbator,
830 3899 1012 3982 conquisiti;
1026 3909 1058 3966 et
1069 3921 1143 3986 pars
1157 3910 1246 3965 extra
1254 3911 1360 3966 castra

213 4007 220 4018 ’
328 3991 470 4076 palantes
488 4014 507 4056 a
525 3991 757 4058 centurionibus
775 4002 829 4058 aut
846 3992 1071 4078 praetoriarum
1085 3992 1259 4060 cohortium
1276 3993 1359 4058 mili-

329 4082 413 4148 tibus
440 4085 538 4162 caesi3
565 4087 718 4170 quosdam
747 4086 809 4171 ipsi
834 4085 997 4170 manipuli,
1025 4087 1247 4152 documentum
1272 4087 1357 4164 fidei,

330 4176 492 4242 tradidere.
516 4188 645 4244 auxerat
662 4178 795 4246 militum
808 4203 899 4246 curas
917 4190 1114 4266 praematura
1132 4179 1232 4246 hiems
1249 4180 1358 4246 imbri·
