<?xml version="1.0" encoding="UTF-8"?>
<!DOCTYPE html PUBLIC "-//W3C//DTD XHTML 1.0 Transitional//EN"
    "http://www.w3.org/TR/xhtml1/DTD/xhtml1-transitional.dtd">
<html xmlns="http://www.w3.org/1999/xhtml" xml:lang="en" lang="en">
 <head>
  <title>
</title>
<meta http-equiv="Content-Type" content="text/html;charset=utf-8" />
  <meta name='ocr-system' content='tesseract 3.04.00' />
  <meta name='ocr-capabilities' content='ocr_page ocr_carea ocr_par ocr_line ocrx_word'/>
</head>
<body>
  <div class='ocr_page' id='page_1' title='image "./corneliitacitio00haasgoog_0328.png"; bbox 0 0 3042 4956; ppageno 0'>
   <div class='ocr_carea' id='block_1_1' title="bbox 439 455 1213 522">
    <p class='ocr_par' dir='ltr' id='par_1_1' title="bbox 439 455 1213 522">
     <span class='ocr_line' id='line_1_1' title="bbox 439 455 1213 522; baseline 0.001 -3"><span class='ocrx_word' id='word_1_1' title='bbox 439 464 645 522; x_wconf 76' lang='lat' dir='ltr'>ANNALIUM</span> <span class='ocrx_word' id='word_1_2' title='bbox 664 464 738 520; x_wconf 83' lang='lat' dir='ltr'>LIB.</span> <span class='ocrx_word' id='word_1_3' title='bbox 747 464 830 520; x_wconf 82' lang='lat' dir='ltr'>xm.</span> <span class='ocrx_word' id='word_1_4' title='bbox 851 465 967 520; x_wconf 78' lang='lat'>50-54.</span> <span class='ocrx_word' id='word_1_5' title='bbox 1150 455 1213 522; x_wconf 82' lang='lat'>251</span> 
     </span>
    </p>
   </div>
   <div class='ocr_carea' id='block_1_2' title="bbox 185 559 1272 4285">
    <p class='ocr_par' dir='ltr' id='par_1_2' title="bbox 186 559 303 610">
     <span class='ocr_line' id='line_1_2' title="bbox 186 559 303 610; baseline -0.017 -10"><span class='ocrx_word' id='word_1_6' title='bbox 186 571 207 610; x_wconf 82' lang='lat' dir='ltr'>p.</span> <span class='ocrx_word' id='word_1_7' title='bbox 217 559 259 600; x_wconf 84' lang='lat' dir='ltr'>Ch.</span> <span class='ocrx_word' id='word_1_8' title='bbox 270 559 303 598; x_wconf 76' lang='lat'>58.</span> 
     </span>
    </p>

    <p class='ocr_par' dir='ltr' id='par_1_3' title="bbox 185 619 1265 1445">
     <span class='ocr_line' id='line_1_3' title="bbox 250 619 1265 712; baseline 0.002 -22"><span class='ocrx_word' id='word_1_9' title='bbox 250 626 338 690; x_wconf 87' lang='lat' dir='ltr'>Reos</span> <span class='ocrx_word' id='word_1_10' title='bbox 357 646 398 690; x_wconf 87' lang='lat' dir='ltr'>ex</span> <span class='ocrx_word' id='word_1_11' title='bbox 414 622 575 710; x_wconf 90' lang='lat' dir='ltr'>provincia</span> <span class='ocrx_word' id='word_1_12' title='bbox 592 619 716 699; x_wconf 85' lang='lat' dir='ltr'>Africa,</span> <span class='ocrx_word' id='word_1_13' title='bbox 739 622 794 705; x_wconf 95' lang='lat' dir='ltr'>qui</span> <span class='ocrx_word' id='word_1_14' title='bbox 811 623 1032 708; x_wconf 78' lang='lat' dir='ltr'><strong>proconsulare</strong></span> <span class='ocrx_word' id='word_1_15' title='bbox 1048 625 1214 712; x_wconf 92' lang='lat' dir='ltr'>imperium</span> <span class='ocrx_word' id='word_1_16' title='bbox 1232 652 1265 700; x_wconf 78' lang='lat'>52</span> 
     </span>
     <span class='ocr_line' id='line_1_4' title="bbox 186 713 1216 803; baseline -0.003 -17"><span class='ocrx_word' id='word_1_17' title='bbox 186 722 249 786; x_wconf 89' lang='lat' dir='ltr'>illic</span> <span class='ocrx_word' id='word_1_18' title='bbox 266 718 453 794; x_wconf 77' lang='lat' dir='ltr'>habuerant,</span> <span class='ocrx_word' id='word_1_19' title='bbox 474 713 649 801; x_wconf 89' lang='lat' dir='ltr'>Sulpicium</span> <span class='ocrx_word' id='word_1_20' title='bbox 663 714 866 782; x_wconf 88' lang='lat' dir='ltr'>Camerinum</span> <span class='ocrx_word' id='word_1_21' title='bbox 884 727 915 781; x_wconf 89' lang='lat' dir='ltr'>et</span> <span class='ocrx_word' id='word_1_22' title='bbox 927 716 1138 803; x_wconf 91' lang='lat' dir='ltr'>Pomponium</span> <span class='ocrx_word' id='word_1_23' title='bbox 1152 720 1216 788; x_wconf 86' lang='lat' dir='ltr'>Sil-</span> 
     </span>
     <span class='ocr_line' id='line_1_5' title="bbox 185 809 1216 896; baseline 0.002 -16"><span class='ocrx_word' id='word_1_24' title='bbox 185 836 305 880; x_wconf 90' lang='lat' dir='ltr'>vanum</span> <span class='ocrx_word' id='word_1_25' title='bbox 322 811 459 878; x_wconf 90' lang='lat' dir='ltr'>absolvit</span> <span class='ocrx_word' id='word_1_26' title='bbox 477 809 609 888; x_wconf 87' lang='lat' dir='ltr'>Caesar,</span> <span class='ocrx_word' id='word_1_27' title='bbox 635 809 837 876; x_wconf 87' lang='lat' dir='ltr'>Camerinum</span> <span class='ocrx_word' id='word_1_28' title='bbox 859 810 1011 876; x_wconf 88' lang='lat' dir='ltr'>adversus</span> <span class='ocrx_word' id='word_1_29' title='bbox 1027 813 1166 896; x_wconf 84' lang='lat' dir='ltr'>privatos</span> <span class='ocrx_word' id='word_1_30' title='bbox 1184 828 1216 882; x_wconf 88' lang='lat' dir='ltr'>et</span> 
     </span>
     <span class='ocr_line' id='line_1_6' title="bbox 186 904 1217 994; baseline 0.001 -21"><span class='ocrx_word' id='word_1_31' title='bbox 186 929 320 994; x_wconf 87' lang='lat' dir='ltr'>paucos,</span> <span class='ocrx_word' id='word_1_32' title='bbox 345 904 493 970; x_wconf 88' lang='lat' dir='ltr'>saevitiae</span> <span class='ocrx_word' id='word_1_33' title='bbox 514 904 616 990; x_wconf 90' lang='lat' dir='ltr'>magis</span> <span class='ocrx_word' id='word_1_34' title='bbox 639 927 734 988; x_wconf 85' lang='lat' dir='ltr'>quam</span> <span class='ocrx_word' id='word_1_35' title='bbox 756 913 917 989; x_wconf 87' lang='lat' dir='ltr'>captarum</span> <span class='ocrx_word' id='word_1_36' title='bbox 938 907 1141 990; x_wconf 88' lang='lat' dir='ltr'>pecuniarum</span> <span class='ocrx_word' id='word_1_37' title='bbox 1158 911 1217 974; x_wconf 89' lang='lat' dir='ltr'>cri-</span> 
     </span>
     <span class='ocr_line' id='line_1_7' title="bbox 186 996 1217 1086; baseline 0.002 -20"><span class='ocrx_word' id='word_1_38' title='bbox 186 1003 272 1066; x_wconf 89' lang='lat' dir='ltr'>mina</span> <span class='ocrx_word' id='word_1_39' title='bbox 286 1000 472 1066; x_wconf 89' lang='lat' dir='ltr'>obicientes:</span> <span class='ocrx_word' id='word_1_40' title='bbox 488 996 657 1066; x_wconf 89' lang='lat' dir='ltr'>Silvanum</span> <span class='ocrx_word' id='word_1_41' title='bbox 665 1021 782 1086; x_wconf 90' lang='lat' dir='ltr'>magna</span> <span class='ocrx_word' id='word_1_42' title='bbox 793 999 842 1063; x_wconf 87' lang='lat' dir='ltr'>vis</span> <span class='ocrx_word' id='word_1_43' title='bbox 856 1009 1073 1066; x_wconf 84' lang='lat' dir='ltr'>accusatorum</span> <span class='ocrx_word' id='word_1_44' title='bbox 1085 1003 1217 1068; x_wconf 91' lang='lat' dir='ltr'>circum-</span> 
     </span>
     <span class='ocr_line' id='line_1_8' title="bbox 186 1093 1216 1182; baseline 0.003 -21"><span class='ocrx_word' id='word_1_45' title='bbox 186 1104 318 1182; x_wconf 84' lang='lat' dir='ltr'>steterat</span> <span class='ocrx_word' id='word_1_46' title='bbox 335 1093 548 1180; x_wconf 88' lang='lat' dir='ltr'>poscebatque</span> <span class='ocrx_word' id='word_1_47' title='bbox 573 1105 697 1180; x_wconf 85' lang='lat' dir='ltr'>tempus</span> <span class='ocrx_word' id='word_1_48' title='bbox 724 1094 954 1160; x_wconf 78' lang='lat' dir='ltr'><strong>evocandorum</strong></span> <span class='ocrx_word' id='word_1_49' title='bbox 977 1097 1117 1176; x_wconf 81' lang='lat' dir='ltr'>testium3</span> <span class='ocrx_word' id='word_1_50' title='bbox 1143 1121 1216 1164; x_wconf 89' lang='lat' dir='ltr'>reus</span> 
     </span>
     <span class='ocr_line' id='line_1_9' title="bbox 186 1188 1217 1274; baseline 0.001 -17"><span class='ocrx_word' id='word_1_51' title='bbox 186 1192 259 1257; x_wconf 91' lang='lat' dir='ltr'>ilico</span> <span class='ocrx_word' id='word_1_52' title='bbox 283 1189 409 1255; x_wconf 84' lang='lat' dir='ltr'>defendi</span> <span class='ocrx_word' id='word_1_53' title='bbox 434 1188 628 1274; x_wconf 86' lang='lat' dir='ltr'>postulabat,</span> <span class='ocrx_word' id='word_1_54' title='bbox 655 1189 814 1272; x_wconf 89' lang='lat' dir='ltr'>valuitque</span> <span class='ocrx_word' id='word_1_55' title='bbox 839 1190 1011 1274; x_wconf 88' lang='lat' dir='ltr'>pecuniosa</span> <span class='ocrx_word' id='word_1_56' title='bbox 1032 1191 1164 1257; x_wconf 86' lang='lat' dir='ltr'>orbitate</span> <span class='ocrx_word' id='word_1_57' title='bbox 1186 1203 1217 1258; x_wconf 90' lang='lat' dir='ltr'>et</span> 
     </span>
     <span class='ocr_line' id='line_1_10' title="bbox 188 1283 1217 1368; baseline 0 -17"><span class='ocrx_word' id='word_1_58' title='bbox 188 1293 324 1361; x_wconf 88' lang='lat' dir='ltr'>senecta,</span> <span class='ocrx_word' id='word_1_59' title='bbox 344 1305 439 1366; x_wconf 87' lang='lat' dir='ltr'>quam</span> <span class='ocrx_word' id='word_1_60' title='bbox 452 1283 533 1347; x_wconf 89' lang='lat' dir='ltr'>ultra</span> <span class='ocrx_word' id='word_1_61' title='bbox 546 1283 643 1348; x_wconf 92' lang='lat' dir='ltr'>vitam</span> <span class='ocrx_word' id='word_1_62' title='bbox 657 1305 764 1348; x_wconf 90' lang='lat' dir='ltr'>eorum</span> <span class='ocrx_word' id='word_1_63' title='bbox 781 1284 930 1368; x_wconf 85' lang='lat' dir='ltr'>produxit</span> <span class='ocrx_word' id='word_1_64' title='bbox 946 1306 1079 1368; x_wconf 90' lang='lat' dir='ltr'>quorum</span> <span class='ocrx_word' id='word_1_65' title='bbox 1097 1285 1217 1352; x_wconf 89' lang='lat' dir='ltr'>ambitu</span> 
     </span>
     <span class='ocr_line' id='line_1_11' title="bbox 187 1386 384 1445; baseline -0.02 0"><span class='ocrx_word' id='word_1_66' title='bbox 187 1386 342 1445; x_wconf 85' lang='lat' dir='ltr'>evaserat.</span> <span class='ocrx_word' id='word_1_67' title='bbox 382 1419 384 1424; x_wconf 84' lang='lat'><em>·</em></span> 
     </span>
    </p>

    <p class='ocr_par' dir='ltr' id='par_1_4' title="bbox 187 1469 1267 2947">
     <span class='ocr_line' id='line_1_12' title="bbox 254 1469 1267 1562; baseline 0.006 -25"><span class='ocrx_word' id='word_1_68' title='bbox 254 1472 388 1555; x_wconf 80' lang='lat' dir='ltr'>Quietae</span> <span class='ocrx_word' id='word_1_69' title='bbox 402 1473 443 1538; x_wconf 89' lang='lat' dir='ltr'>ad</span> <span class='ocrx_word' id='word_1_70' title='bbox 456 1471 490 1540; x_wconf 91' lang='lat' dir='ltr'>id</span> <span class='ocrx_word' id='word_1_71' title='bbox 502 1481 626 1556; x_wconf 90' lang='lat' dir='ltr'>tempus</span> <span class='ocrx_word' id='word_1_72' title='bbox 639 1493 690 1536; x_wconf 87' lang='lat' dir='ltr'>res</span> <span class='ocrx_word' id='word_1_73' title='bbox 703 1471 736 1536; x_wconf 92' lang='lat' dir='ltr'>in</span> <span class='ocrx_word' id='word_1_74' title='bbox 751 1469 921 1538; x_wconf 77' lang='lat' dir='ltr'>Germania</span> <span class='ocrx_word' id='word_1_75' title='bbox 938 1473 1071 1552; x_wconf 86' lang='lat' dir='ltr'>fuerant,</span> <span class='ocrx_word' id='word_1_76' title='bbox 1090 1475 1215 1562; x_wconf 87' lang='lat' dir='ltr'>ingenio</span> <span class='ocrx_word' id='word_1_77' title='bbox 1234 1495 1267 1543; x_wconf 81' lang='lat'>53</span> 
     </span>
     <span class='ocr_line' id='line_1_13' title="bbox 187 1566 1216 1654; baseline 0.002 -20"><span class='ocrx_word' id='word_1_78' title='bbox 187 1570 319 1645; x_wconf 87' lang='lat' dir='ltr'>ducum,</span> <span class='ocrx_word' id='word_1_79' title='bbox 343 1567 398 1650; x_wconf 91' lang='lat' dir='ltr'>qui</span> <span class='ocrx_word' id='word_1_80' title='bbox 419 1566 611 1652; x_wconf 80' lang='lat' dir='ltr'>pervulgatis</span> <span class='ocrx_word' id='word_1_81' title='bbox 634 1566 782 1651; x_wconf 87' lang='lat' dir='ltr'>triumphi</span> <span class='ocrx_word' id='word_1_82' title='bbox 803 1567 979 1654; x_wconf 82' lang='lat' dir='ltr'>insignibus</span> <span class='ocrx_word' id='word_1_83' title='bbox 1001 1571 1102 1636; x_wconf 92' lang='lat' dir='ltr'>mains</span> <span class='ocrx_word' id='word_1_84' title='bbox 1121 1593 1161 1635; x_wconf 87' lang='lat' dir='ltr'>ex</span> <span class='ocrx_word' id='word_1_85' title='bbox 1179 1594 1216 1636; x_wconf 89' lang='lat' dir='ltr'>eo</span> 
     </span>
     <span class='ocr_line' id='line_1_14' title="bbox 187 1660 1217 1747; baseline 0.002 -20"><span class='ocrx_word' id='word_1_86' title='bbox 187 1663 286 1727; x_wconf 90' lang='lat' dir='ltr'>decus</span> <span class='ocrx_word' id='word_1_87' title='bbox 301 1660 478 1747; x_wconf 86' lang='lat' dir='ltr'>sperabant,</span> <span class='ocrx_word' id='word_1_88' title='bbox 494 1661 522 1725; x_wconf 90' lang='lat' dir='ltr'>si</span> <span class='ocrx_word' id='word_1_89' title='bbox 533 1681 645 1747; x_wconf 90' lang='lat' dir='ltr'>paoem</span> <span class='ocrx_word' id='word_1_90' title='bbox 658 1661 938 1726; x_wconf 90' lang='lat' dir='ltr'>oontinuavissent:</span> <span class='ocrx_word' id='word_1_91' title='bbox 953 1661 1106 1730; x_wconf 86' lang='lat' dir='ltr'>Paulinus</span> <span class='ocrx_word' id='word_1_92' title='bbox 1120 1663 1217 1729; x_wconf 88' lang='lat' dir='ltr'>Pom-</span> 
     </span>
     <span class='ocr_line' id='line_1_15' title="bbox 187 1753 1217 1843; baseline 0.001 -22"><span class='ocrx_word' id='word_1_93' title='bbox 187 1757 279 1843; x_wconf 91' lang='lat' dir='ltr'>peius</span> <span class='ocrx_word' id='word_1_94' title='bbox 302 1764 333 1820; x_wconf 84' lang='lat' dir='ltr'>et</span> <span class='ocrx_word' id='word_1_95' title='bbox 353 1755 395 1820; x_wconf 89' lang='lat' dir='ltr'>L.</span> <span class='ocrx_word' id='word_1_96' title='bbox 410 1753 515 1820; x_wconf 52' lang='lat' dir='ltr'>*Vetus</span> <span class='ocrx_word' id='word_1_97' title='bbox 539 1776 577 1819; x_wconf 92' lang='lat' dir='ltr'>ea</span> <span class='ocrx_word' id='word_1_98' title='bbox 598 1762 783 1840; x_wconf 88' lang='lat' dir='ltr'>tempestate</span> <span class='ocrx_word' id='word_1_99' title='bbox 806 1755 955 1820; x_wconf 86' lang='lat' dir='ltr'>exercitui</span> <span class='ocrx_word' id='word_1_100' title='bbox 977 1768 1153 1842; x_wconf 84' lang='lat' dir='ltr'>praeerant:</span> <span class='ocrx_word' id='word_1_101' title='bbox 1176 1781 1217 1822; x_wconf 91' lang='lat' dir='ltr'>ne</span> 
     </span>
     <span class='ocr_line' id='line_1_16' title="bbox 187 1849 1217 1935; baseline 0.003 -20"><span class='ocrx_word' id='word_1_102' title='bbox 187 1861 294 1915; x_wconf 86' lang='lat' dir='ltr'>tamen</span> <span class='ocrx_word' id='word_1_103' title='bbox 313 1871 444 1935; x_wconf 88' lang='lat' dir='ltr'>segnem</span> <span class='ocrx_word' id='word_1_104' title='bbox 461 1849 591 1914; x_wconf 86' lang='lat' dir='ltr'>militem</span> <span class='ocrx_word' id='word_1_105' title='bbox 605 1849 779 1927; x_wconf 83' lang='lat' dir='ltr'>attinerent,</span> <span class='ocrx_word' id='word_1_106' title='bbox 797 1850 850 1914; x_wconf 93' lang='lat' dir='ltr'>ille</span> <span class='ocrx_word' id='word_1_107' title='bbox 866 1849 1046 1915; x_wconf 91' lang='lat' dir='ltr'>inchoatum</span> <span class='ocrx_word' id='word_1_108' title='bbox 1064 1863 1137 1917; x_wconf 89' lang='lat' dir='ltr'>ante</span> <span class='ocrx_word' id='word_1_109' title='bbox 1154 1862 1217 1917; x_wconf 87' lang='lat' dir='ltr'>tres</span> 
     </span>
     <span class='ocr_line' id='line_1_17' title="bbox 188 1935 1230 2029; baseline 0.001 -20"><span class='ocrx_word' id='word_1_110' title='bbox 188 1954 221 2009; x_wconf 88' lang='lat' dir='ltr'>et</span> <span class='ocrx_word' id='word_1_111' title='bbox 238 1943 403 2028; x_wconf 86' lang='lat' dir='ltr'>sexaginta</span> <span class='ocrx_word' id='word_1_112' title='bbox 415 1964 513 2006; x_wconf 90' lang='lat' dir='ltr'>annos</span> <span class='ocrx_word' id='word_1_113' title='bbox 532 1966 551 2006; x_wconf 95' lang='lat' dir='ltr'>a</span> <span class='ocrx_word' id='word_1_114' title='bbox 564 1942 672 2007; x_wconf 90' lang='lat' dir='ltr'>Druso</span> <span class='ocrx_word' id='word_1_115' title='bbox 686 1965 835 2029; x_wconf 86' lang='lat' dir='ltr'>aggerem</span> <span class='ocrx_word' id='word_1_116' title='bbox 849 1946 1019 2010; x_wconf 91' lang='lat' dir='ltr'>coercendo</span> <span class='ocrx_word' id='word_1_117' title='bbox 1032 1945 1145 2011; x_wconf 88' lang='lat' dir='ltr'>Rheno</span> <span class='ocrx_word' id='word_1_118' title='bbox 1163 1935 1230 2010; x_wconf 74' lang='lat' dir='ltr'>ab·¹</span> 
     </span>
     <span class='ocr_line' id='line_1_18' title="bbox 188 2035 1219 2119; baseline -0.001 -17"><span class='ocrx_word' id='word_1_119' title='bbox 188 2037 296 2114; x_wconf 88' lang='lat' dir='ltr'>solvit,</span> <span class='ocrx_word' id='word_1_120' title='bbox 319 2036 421 2102; x_wconf 89' lang='lat' dir='ltr'>Vetus</span> <span class='ocrx_word' id='word_1_121' title='bbox 439 2035 608 2101; x_wconf 89' lang='lat' dir='ltr'>Mosellam</span> <span class='ocrx_word' id='word_1_122' title='bbox 630 2045 724 2119; x_wconf 92' lang='lat' dir='ltr'>atque</span> <span class='ocrx_word' id='word_1_123' title='bbox 741 2039 871 2101; x_wconf 79' lang='lat' dir='ltr'>Ararim</span> <span class='ocrx_word' id='word_1_124' title='bbox 892 2039 976 2104; x_wconf 81' lang='lat' dir='ltr'>facta</span> <span class='ocrx_word' id='word_1_125' title='bbox 997 2039 1079 2102; x_wconf 91' lang='lat' dir='ltr'>inter</span> <span class='ocrx_word' id='word_1_126' title='bbox 1099 2047 1219 2101; x_wconf 89' lang='lat' dir='ltr'>utrum-</span> 
     </span>
     <span class='ocr_line' id='line_1_19' title="bbox 187 2130 1219 2216; baseline -0.002 -20"><span class='ocrx_word' id='word_1_127' title='bbox 187 2154 251 2215; x_wconf 91' lang='lat' dir='ltr'>qne</span> <span class='ocrx_word' id='word_1_128' title='bbox 273 2131 361 2196; x_wconf 83' lang='lat' dir='ltr'>fossa</span> <span class='ocrx_word' id='word_1_129' title='bbox 383 2143 565 2195; x_wconf 83' lang='lat' dir='ltr'>connectere</span> <span class='ocrx_word' id='word_1_130' title='bbox 587 2130 732 2216; x_wconf 88' lang='lat' dir='ltr'>parabat,</span> <span class='ocrx_word' id='word_1_131' title='bbox 755 2139 791 2193; x_wconf 94' lang='lat' dir='ltr'>ut</span> <span class='ocrx_word' id='word_1_132' title='bbox 813 2131 921 2215; x_wconf 90' lang='lat' dir='ltr'>copiae</span> <span class='ocrx_word' id='word_1_133' title='bbox 942 2153 999 2216; x_wconf 93' lang='lat' dir='ltr'>per</span> <span class='ocrx_word' id='word_1_134' title='bbox 1021 2153 1119 2207; x_wconf 91' lang='lat' dir='ltr'>mare,</span> <span class='ocrx_word' id='word_1_135' title='bbox 1146 2131 1219 2194; x_wconf 91' lang='lat' dir='ltr'>dein</span> 
     </span>
     <span class='ocr_line' id='line_1_20' title="bbox 188 2223 1219 2308; baseline -0.003 -18"><span class='ocrx_word' id='word_1_136' title='bbox 188 2225 345 2291; x_wconf 91' lang='lat' dir='ltr'>Rhodano</span> <span class='ocrx_word' id='word_1_137' title='bbox 367 2235 399 2288; x_wconf 93' lang='lat' dir='ltr'>et</span> <span class='ocrx_word' id='word_1_138' title='bbox 415 2223 517 2288; x_wconf 89' lang='lat' dir='ltr'>Arare</span> <span class='ocrx_word' id='word_1_139' title='bbox 535 2224 718 2301; x_wconf 82' lang='lat' dir='ltr'>subvectae,</span> <span class='ocrx_word' id='word_1_140' title='bbox 741 2246 798 2308; x_wconf 89' lang='lat' dir='ltr'>per</span> <span class='ocrx_word' id='word_1_141' title='bbox 820 2247 889 2288; x_wconf 89' lang='lat' dir='ltr'>eam</span> <span class='ocrx_word' id='word_1_142' title='bbox 912 2224 1046 2302; x_wconf 87' lang='lat' dir='ltr'>fossam,</span> <span class='ocrx_word' id='word_1_143' title='bbox 1069 2245 1144 2288; x_wconf 91' lang='lat' dir='ltr'>mox</span> <span class='ocrx_word' id='word_1_144' title='bbox 1160 2224 1219 2287; x_wconf 88' lang='lat' dir='ltr'>flu-</span> 
     </span>
     <span class='ocr_line' id='line_1_21' title="bbox 188 2315 1218 2394; baseline 0 -12"><span class='ocrx_word' id='word_1_145' title='bbox 188 2319 241 2384; x_wconf 89' lang='lat' dir='ltr'>vio</span> <span class='ocrx_word' id='word_1_146' title='bbox 253 2318 390 2386; x_wconf 85' lang='lat' dir='ltr'>Mosella</span> <span class='ocrx_word' id='word_1_147' title='bbox 403 2318 437 2382; x_wconf 90' lang='lat' dir='ltr'>in</span> <span class='ocrx_word' id='word_1_148' title='bbox 448 2317 605 2394; x_wconf 87' lang='lat' dir='ltr'>Rhenum,</span> <span class='ocrx_word' id='word_1_149' title='bbox 624 2317 708 2381; x_wconf 87' lang='lat' dir='ltr'>exim</span> <span class='ocrx_word' id='word_1_150' title='bbox 723 2315 888 2383; x_wconf 89' lang='lat' dir='ltr'>Oceanum</span> <span class='ocrx_word' id='word_1_151' title='bbox 903 2319 1102 2383; x_wconf 88' lang='lat' dir='ltr'>decurrerent</span> <span class='ocrx_word' id='word_1_152' title='bbox 1113 2317 1218 2382; x_wconf 89' lang='lat' dir='ltr'>subla-</span> 
     </span>
     <span class='ocr_line' id='line_1_22' title="bbox 190 2410 1220 2498; baseline -0.002 -20"><span class='ocrx_word' id='word_1_153' title='bbox 190 2414 292 2497; x_wconf 86' lang='lat' dir='ltr'>tisque</span> <span class='ocrx_word' id='word_1_154' title='bbox 309 2412 428 2477; x_wconf 89' lang='lat' dir='ltr'>itineris</span> <span class='ocrx_word' id='word_1_155' title='bbox 447 2412 683 2488; x_wconf 82' lang='lat' dir='ltr'>difficultatibus</span> <span class='ocrx_word' id='word_1_156' title='bbox 701 2411 892 2498; x_wconf 88' lang='lat' dir='ltr'>navigabilia</span> <span class='ocrx_word' id='word_1_157' title='bbox 908 2414 991 2479; x_wconf 86' lang='lat' dir='ltr'>inter</span> <span class='ocrx_word' id='word_1_158' title='bbox 1008 2436 1042 2479; x_wconf 91' lang='lat' dir='ltr'>se</span> <span class='ocrx_word' id='word_1_159' title='bbox 1062 2410 1220 2479; x_wconf 88' lang='lat' dir='ltr'>Occiden-</span> 
     </span>
     <span class='ocr_line' id='line_1_23' title="bbox 191 2503 1220 2596; baseline 0 -26"><span class='ocrx_word' id='word_1_160' title='bbox 191 2509 230 2572; x_wconf 88' lang='lat' dir='ltr'>tis</span> <span class='ocrx_word' id='word_1_161' title='bbox 246 2505 537 2592; x_wconf 83' lang='lat' dir='ltr'>Septentrionisque</span> <span class='ocrx_word' id='word_1_162' title='bbox 549 2506 640 2570; x_wconf 90' lang='lat' dir='ltr'>litora</span> <span class='ocrx_word' id='word_1_163' title='bbox 653 2506 770 2571; x_wconf 91' lang='lat' dir='ltr'>fierent.</span> <span class='ocrx_word' id='word_1_164' title='bbox 789 2507 900 2596; x_wconf 86' lang='lat' dir='ltr'>invidit</span> <span class='ocrx_word' id='word_1_165' title='bbox 913 2508 1000 2594; x_wconf 89' lang='lat' dir='ltr'>operi</span> <span class='ocrx_word' id='word_1_166' title='bbox 1012 2506 1124 2573; x_wconf 86' lang='lat' dir='ltr'>Aelius</span> <span class='ocrx_word' id='word_1_167' title='bbox 1139 2503 1220 2572; x_wconf 87' lang='lat' dir='ltr'>Gra·</span> 
     </span>
     <span class='ocr_line' id='line_1_24' title="bbox 191 2599 1218 2689; baseline 0 -23"><span class='ocrx_word' id='word_1_168' title='bbox 191 2601 273 2678; x_wconf 92' lang='lat' dir='ltr'>cilis,</span> <span class='ocrx_word' id='word_1_169' title='bbox 300 2601 450 2686; x_wconf 86' lang='lat' dir='ltr'>Belgicae</span> <span class='ocrx_word' id='word_1_170' title='bbox 475 2599 614 2686; x_wconf 87' lang='lat' dir='ltr'>legatus,</span> <span class='ocrx_word' id='word_1_171' title='bbox 641 2600 824 2666; x_wconf 88' lang='lat' dir='ltr'>deterrendo</span> <span class='ocrx_word' id='word_1_172' title='bbox 846 2601 995 2668; x_wconf 86' lang='lat' dir='ltr'>Veterem</span> <span class='ocrx_word' id='word_1_173' title='bbox 1016 2625 1056 2667; x_wconf 90' lang='lat' dir='ltr'>ne</span> <span class='ocrx_word' id='word_1_174' title='bbox 1078 2602 1218 2689; x_wconf 87' lang='lat' dir='ltr'>legiones</span> 
     </span>
     <span class='ocr_line' id='line_1_25' title="bbox 191 2693 1267 2779; baseline 0.002 -21"><span class='ocrx_word' id='word_1_175' title='bbox 191 2695 310 2759; x_wconf 89' lang='lat' dir='ltr'>alienae</span> <span class='ocrx_word' id='word_1_176' title='bbox 328 2694 506 2779; x_wconf 88' lang='lat' dir='ltr'>provinciae</span> <span class='ocrx_word' id='word_1_177' title='bbox 523 2693 652 2758; x_wconf 87' lang='lat' dir='ltr'>inferret</span> <span class='ocrx_word' id='word_1_178' title='bbox 674 2696 838 2779; x_wconf 88' lang='lat' dir='ltr'>studiaque</span> <span class='ocrx_word' id='word_1_179' title='bbox 857 2694 1031 2762; x_wconf 88' lang='lat' dir='ltr'>Galliarum</span> <span class='ocrx_word' id='word_1_180' title='bbox 1050 2697 1219 2773; x_wconf 84' lang='lat' dir='ltr'>affectaret,</span> <span class='ocrx_word' id='word_1_181' title='bbox 1263 2751 1267 2760; x_wconf 92' lang='lat'><strong><em>.</em></strong></span> 
     </span>
     <span class='ocr_line' id='line_1_26' title="bbox 191 2787 1221 2877; baseline 0.002 -25"><span class='ocrx_word' id='word_1_182' title='bbox 191 2787 430 2854; x_wconf 89' lang='lat' dir='ltr'>formidolosum</span> <span class='ocrx_word' id='word_1_183' title='bbox 447 2788 480 2851; x_wconf 92' lang='lat' dir='ltr'>id</span> <span class='ocrx_word' id='word_1_184' title='bbox 497 2787 675 2871; x_wconf 88' lang='lat' dir='ltr'>imperatori</span> <span class='ocrx_word' id='word_1_185' title='bbox 692 2789 847 2868; x_wconf 87' lang='lat' dir='ltr'>dictitans,</span> <span class='ocrx_word' id='word_1_186' title='bbox 866 2813 929 2874; x_wconf 92' lang='lat' dir='ltr'>quo</span> <span class='ocrx_word' id='word_1_187' title='bbox 946 2793 1130 2877; x_wconf 90' lang='lat' dir='ltr'>plerumque</span> <span class='ocrx_word' id='word_1_188' title='bbox 1148 2811 1221 2875; x_wconf 92' lang='lat' dir='ltr'>pro-</span> 
     </span>
     <span class='ocr_line' id='line_1_27' title="bbox 191 2881 639 2947; baseline 0 -1"><span class='ocrx_word' id='word_1_189' title='bbox 191 2882 338 2947; x_wconf 90' lang='lat' dir='ltr'>hibentur</span> <span class='ocrx_word' id='word_1_190' title='bbox 355 2891 486 2946; x_wconf 89' lang='lat' dir='ltr'>conatus</span> <span class='ocrx_word' id='word_1_191' title='bbox 504 2881 639 2946; x_wconf 90' lang='lat' dir='ltr'>honesti.</span> 
     </span>
    </p>

    <p class='ocr_par' dir='ltr' id='par_1_5' title="bbox 190 2974 1272 4285">
     <span class='ocr_line' id='line_1_28' title="bbox 258 2974 1272 3042; baseline 0 -2"><span class='ocrx_word' id='word_1_192' title='bbox 258 2974 407 3040; x_wconf 88' lang='lat' dir='ltr'>Ceterum</span> <span class='ocrx_word' id='word_1_193' title='bbox 430 2977 575 3041; x_wconf 87' lang='lat' dir='ltr'>continuo</span> <span class='ocrx_word' id='word_1_194' title='bbox 598 2976 790 3041; x_wconf 87' lang='lat' dir='ltr'>exercituum</span> <span class='ocrx_word' id='word_1_195' title='bbox 813 2977 876 3041; x_wconf 93' lang='lat' dir='ltr'>otio</span> <span class='ocrx_word' id='word_1_196' title='bbox 898 2976 983 3040; x_wconf 84' lang='lat' dir='ltr'>fama</span> <span class='ocrx_word' id='word_1_197' title='bbox 1004 2978 1133 3040; x_wconf 88' lang='lat' dir='ltr'>incessit</span> <span class='ocrx_word' id='word_1_198' title='bbox 1155 2998 1221 3041; x_wconf 88' lang='lat' dir='ltr'>ere·</span> <span class='ocrx_word' id='word_1_199' title='bbox 1239 2994 1272 3042; x_wconf 77' lang='lat' dir='ltr'>ot</span> 
     </span>
     <span class='ocr_line' id='line_1_29' title="bbox 190 3069 1246 3156; baseline -0.003 -23"><span class='ocrx_word' id='word_1_200' title='bbox 190 3080 281 3155; x_wconf 90' lang='lat' dir='ltr'>ptum</span> <span class='ocrx_word' id='word_1_201' title='bbox 299 3070 348 3134; x_wconf 91' lang='lat' dir='ltr'>ius</span> <span class='ocrx_word' id='word_1_202' title='bbox 366 3069 477 3156; x_wconf 88' lang='lat' dir='ltr'>legatis</span> <span class='ocrx_word' id='word_1_203' title='bbox 496 3070 631 3135; x_wconf 90' lang='lat' dir='ltr'>ducendi</span> <span class='ocrx_word' id='word_1_204' title='bbox 648 3070 681 3134; x_wconf 92' lang='lat' dir='ltr'>in</span> <span class='ocrx_word' id='word_1_205' title='bbox 698 3071 830 3146; x_wconf 90' lang='lat' dir='ltr'>hostem,</span> <span class='ocrx_word' id='word_1_206' title='bbox 850 3091 949 3152; x_wconf 90' lang='lat' dir='ltr'>eoque</span> <span class='ocrx_word' id='word_1_207' title='bbox 966 3069 1061 3134; x_wconf 82' lang='lat' dir='ltr'>Frisii</span> <span class='ocrx_word' id='word_1_208' title='bbox 1078 3069 1222 3132; x_wconf 91' lang='lat' dir='ltr'>iuventu-</span> <span class='ocrx_word' id='word_1_209' title='bbox 1240 3075 1246 3090; x_wconf 82' lang='lat'><strong><em>&#39;</em></strong></span> 
     </span>
     <span class='ocr_line' id='line_1_30' title="bbox 192 3161 1222 3249; baseline -0.002 -23"><span class='ocrx_word' id='word_1_210' title='bbox 192 3175 257 3228; x_wconf 89' lang='lat' dir='ltr'>tem</span> <span class='ocrx_word' id='word_1_211' title='bbox 276 3163 406 3228; x_wconf 85' lang='lat' dir='ltr'>saltibus</span> <span class='ocrx_word' id='word_1_212' title='bbox 420 3173 474 3227; x_wconf 89' lang='lat' dir='ltr'>aut</span> <span class='ocrx_word' id='word_1_213' title='bbox 486 3164 665 3249; x_wconf 86' lang='lat' dir='ltr'>paludibus,</span> <span class='ocrx_word' id='word_1_214' title='bbox 684 3163 832 3228; x_wconf 89' lang='lat' dir='ltr'>inbellem</span> <span class='ocrx_word' id='word_1_215' title='bbox 846 3173 980 3228; x_wconf 90' lang='lat' dir='ltr'>aetatem</span> <span class='ocrx_word' id='word_1_216' title='bbox 993 3185 1050 3247; x_wconf 88' lang='lat' dir='ltr'>per</span> <span class='ocrx_word' id='word_1_217' title='bbox 1066 3161 1154 3226; x_wconf 88' lang='lat' dir='ltr'>lacus</span> <span class='ocrx_word' id='word_1_218' title='bbox 1167 3162 1222 3226; x_wconf 92' lang='lat' dir='ltr'>ad-</span> 
     </span>
     <span class='ocr_line' id='line_1_31' title="bbox 192 3251 1221 3354; baseline -0.002 -34"><span class='ocrx_word' id='word_1_219' title='bbox 192 3279 319 3321; x_wconf 91' lang='lat' dir='ltr'>movere</span> <span class='ocrx_word' id='word_1_220' title='bbox 336 3257 436 3342; x_wconf 88' lang='lat' dir='ltr'>ripae,</span> <span class='ocrx_word' id='word_1_221' title='bbox 459 3280 615 3343; x_wconf 85' lang='lat' dir='ltr'>agrosque</span> <span class='ocrx_word' id='word_1_222' title='bbox 638 3279 755 3322; x_wconf 88' lang='lat' dir='ltr'>vacuos</span> <span class='ocrx_word' id='word_1_223' title='bbox 774 3267 805 3321; x_wconf 86' lang='lat' dir='ltr'>et</span> <span class='ocrx_word' id='word_1_224' title='bbox 821 3251 955 3322; x_wconf 88' lang='lat' dir='ltr'>militum</span> <span class='ocrx_word' id='word_1_225' title='bbox 977 3255 1049 3321; x_wconf 93' lang='lat' dir='ltr'>usui</span> <span class='ocrx_word' id='word_1_226' title='bbox 1067 3255 1221 3354; x_wconf 74' lang='lat' dir='ltr'>sepositos</span> 
     </span>
     <span class='ocr_line' id='line_1_32' title="bbox 192 3351 1223 3437; baseline -0.001 -22"><span class='ocrx_word' id='word_1_227' title='bbox 192 3352 350 3428; x_wconf 88' lang='lat' dir='ltr'>insedere,</span> <span class='ocrx_word' id='word_1_228' title='bbox 373 3361 499 3416; x_wconf 89' lang='lat' dir='ltr'>auctore</span> <span class='ocrx_word' id='word_1_229' title='bbox 516 3351 641 3417; x_wconf 90' lang='lat' dir='ltr'>Verrito</span> <span class='ocrx_word' id='word_1_230' title='bbox 660 3362 691 3416; x_wconf 88' lang='lat' dir='ltr'>et</span> <span class='ocrx_word' id='word_1_231' title='bbox 707 3351 878 3437; x_wconf 88' lang='lat' dir='ltr'>Malorige,</span> <span class='ocrx_word' id='word_1_232' title='bbox 901 3352 956 3434; x_wconf 91' lang='lat' dir='ltr'>qui</span> <span class='ocrx_word' id='word_1_233' title='bbox 972 3351 1131 3416; x_wconf 87' lang='lat' dir='ltr'>nationem</span> <span class='ocrx_word' id='word_1_234' title='bbox 1153 3373 1223 3416; x_wconf 89' lang='lat' dir='ltr'>eam</span> 
     </span>
     <span class='ocr_line' id='line_1_33' title="bbox 192 3442 1223 3532; baseline 0 -24"><span class='ocrx_word' id='word_1_235' title='bbox 192 3442 354 3530; x_wconf 80' lang='lat' dir='ltr'>regebant,</span> <span class='ocrx_word' id='word_1_236' title='bbox 372 3445 406 3508; x_wconf 92' lang='lat' dir='ltr'>in</span> <span class='ocrx_word' id='word_1_237' title='bbox 420 3454 572 3528; x_wconf 88' lang='lat' dir='ltr'>qnantum</span> <span class='ocrx_word' id='word_1_238' title='bbox 586 3442 737 3511; x_wconf 87' lang='lat' dir='ltr'>Germani</span> <span class='ocrx_word' id='word_1_239' title='bbox 751 3459 930 3532; x_wconf 86' lang='lat' dir='ltr'>regnantur.</span> <span class='ocrx_word' id='word_1_240' title='bbox 952 3446 1077 3531; x_wconf 90' lang='lat' dir='ltr'>iamque</span> <span class='ocrx_word' id='word_1_241' title='bbox 1090 3445 1223 3510; x_wconf 85' lang='lat' dir='ltr'>fixerant</span> 
     </span>
     <span class='ocr_line' id='line_1_34' title="bbox 194 3539 1223 3626; baseline 0 -23"><span class='ocrx_word' id='word_1_242' title='bbox 194 3540 315 3615; x_wconf 90' lang='lat' dir='ltr'>domos,</span> <span class='ocrx_word' id='word_1_243' title='bbox 335 3539 454 3604; x_wconf 88' lang='lat' dir='ltr'>semina</span> <span class='ocrx_word' id='word_1_244' title='bbox 472 3539 554 3606; x_wconf 85' lang='lat' dir='ltr'>arvis</span> <span class='ocrx_word' id='word_1_245' title='bbox 572 3540 739 3605; x_wconf 86' lang='lat' dir='ltr'>intulerant</span> <span class='ocrx_word' id='word_1_246' title='bbox 751 3550 848 3624; x_wconf 91' lang='lat' dir='ltr'>utque</span> <span class='ocrx_word' id='word_1_247' title='bbox 862 3541 996 3626; x_wconf 88' lang='lat' dir='ltr'>patrium</span> <span class='ocrx_word' id='word_1_248' title='bbox 1015 3541 1117 3606; x_wconf 90' lang='lat' dir='ltr'>solum</span> <span class='ocrx_word' id='word_1_249' title='bbox 1135 3561 1223 3604; x_wconf 88' lang='lat' dir='ltr'>exer·</span> 
     </span>
     <span class='ocr_line' id='line_1_35' title="bbox 194 3632 1221 3720; baseline -0.004 -22"><span class='ocrx_word' id='word_1_250' title='bbox 194 3633 317 3710; x_wconf 86' lang='lat' dir='ltr'>cebant,</span> <span class='ocrx_word' id='word_1_251' title='bbox 336 3654 409 3697; x_wconf 89' lang='lat' dir='ltr'>cnm</span> <span class='ocrx_word' id='word_1_252' title='bbox 425 3633 554 3699; x_wconf 91' lang='lat' dir='ltr'>Dubius</span> <span class='ocrx_word' id='word_1_253' title='bbox 570 3632 697 3712; x_wconf 88' lang='lat' dir='ltr'>Avitus,</span> <span class='ocrx_word' id='word_1_254' title='bbox 718 3643 846 3720; x_wconf 87' lang='lat' dir='ltr'>accepta</span> <span class='ocrx_word' id='word_1_255' title='bbox 864 3658 883 3698; x_wconf 91' lang='lat' dir='ltr'>a</span> <span class='ocrx_word' id='word_1_256' title='bbox 900 3634 1034 3700; x_wconf 90' lang='lat' dir='ltr'>Paulino</span> <span class='ocrx_word' id='word_1_257' title='bbox 1051 3633 1221 3718; x_wconf 91' lang='lat' dir='ltr'>provincia,</span> 
     </span>
     <span class='ocr_line' id='line_1_36' title="bbox 193 3725 1221 3805; baseline -0.004 -13"><span class='ocrx_word' id='word_1_258' title='bbox 193 3727 367 3792; x_wconf 89' lang='lat' dir='ltr'>minitando</span> <span class='ocrx_word' id='word_1_259' title='bbox 389 3728 452 3792; x_wconf 88' lang='lat' dir='ltr'>vim</span> <span class='ocrx_word' id='word_1_260' title='bbox 470 3725 660 3805; x_wconf 87' lang='lat' dir='ltr'>Romanam,</span> <span class='ocrx_word' id='word_1_261' title='bbox 682 3729 744 3793; x_wconf 91' lang='lat' dir='ltr'>nisi</span> <span class='ocrx_word' id='word_1_262' title='bbox 766 3728 970 3794; x_wconf 87' lang='lat' dir='ltr'>abscederent</span> <span class='ocrx_word' id='word_1_263' title='bbox 987 3727 1080 3790; x_wconf 86' lang='lat' dir='ltr'>Frisii</span> <span class='ocrx_word' id='word_1_264' title='bbox 1100 3734 1221 3790; x_wconf 88' lang='lat' dir='ltr'>veteres</span> 
     </span>
     <span class='ocr_line' id='line_1_37' title="bbox 193 3816 1249 3906; baseline -0.005 -22"><span class='ocrx_word' id='word_1_265' title='bbox 193 3821 228 3885; x_wconf 91' lang='lat' dir='ltr'>in</span> <span class='ocrx_word' id='word_1_266' title='bbox 245 3820 331 3885; x_wconf 89' lang='lat' dir='ltr'>locos</span> <span class='ocrx_word' id='word_1_267' title='bbox 349 3832 403 3886; x_wconf 90' lang='lat' dir='ltr'>aut</span> <span class='ocrx_word' id='word_1_268' title='bbox 421 3845 536 3888; x_wconf 89' lang='lat' dir='ltr'>novam</span> <span class='ocrx_word' id='word_1_269' title='bbox 554 3822 661 3887; x_wconf 88' lang='lat' dir='ltr'>sedem</span> <span class='ocrx_word' id='word_1_270' title='bbox 679 3845 698 3887; x_wconf 90' lang='lat' dir='ltr'>a</span> <span class='ocrx_word' id='word_1_271' title='bbox 717 3821 854 3887; x_wconf 86' lang='lat' dir='ltr'>Caesare</span> <span class='ocrx_word' id='word_1_272' title='bbox 872 3821 1071 3906; x_wconf 88' lang='lat' dir='ltr'>inpetrarent,</span> <span class='ocrx_word' id='word_1_273' title='bbox 1088 3816 1224 3902; x_wconf 87' lang='lat' dir='ltr'>perpulit</span> <span class='ocrx_word' id='word_1_274' title='bbox 1246 3866 1249 3875; x_wconf 83' lang='lat'><em>.</em></span> 
     </span>
     <span class='ocr_line' id='line_1_38' title="bbox 195 3905 1224 4002; baseline -0.005 -24"><span class='ocrx_word' id='word_1_275' title='bbox 195 3914 355 3980; x_wconf 90' lang='lat' dir='ltr'>Verritum</span> <span class='ocrx_word' id='word_1_276' title='bbox 374 3926 405 3981; x_wconf 91' lang='lat' dir='ltr'>et</span> <span class='ocrx_word' id='word_1_277' title='bbox 421 3915 611 4002; x_wconf 85' lang='lat' dir='ltr'>Malorigem</span> <span class='ocrx_word' id='word_1_278' title='bbox 628 3939 737 4002; x_wconf 85' lang='lat' dir='ltr'>preces</span> <span class='ocrx_word' id='word_1_279' title='bbox 757 3905 925 4000; x_wconf 79' lang='lat' dir='ltr'>suscipere.</span> <span class='ocrx_word' id='word_1_280' title='bbox 948 3911 1142 3999; x_wconf 85' lang='lat' dir='ltr'>profectique</span> <span class='ocrx_word' id='word_1_281' title='bbox 1158 3910 1224 3974; x_wconf 91' lang='lat' dir='ltr'>Ro-</span> 
     </span>
     <span class='ocr_line' id='line_1_39' title="bbox 195 4004 1224 4092; baseline -0.004 -19"><span class='ocrx_word' id='word_1_282' title='bbox 195 4031 281 4074; x_wconf 86' lang='lat' dir='ltr'>mam</span> <span class='ocrx_word' id='word_1_283' title='bbox 298 4010 375 4074; x_wconf 92' lang='lat' dir='ltr'>dum</span> <span class='ocrx_word' id='word_1_284' title='bbox 392 4010 461 4076; x_wconf 87' lang='lat' dir='ltr'>aliis</span> <span class='ocrx_word' id='word_1_285' title='bbox 479 4011 562 4075; x_wconf 90' lang='lat' dir='ltr'>curis</span> <span class='ocrx_word' id='word_1_286' title='bbox 575 4012 728 4076; x_wconf 90' lang='lat' dir='ltr'>intentum</span> <span class='ocrx_word' id='word_1_287' title='bbox 742 4009 900 4074; x_wconf 90' lang='lat' dir='ltr'>Neronem</span> <span class='ocrx_word' id='word_1_288' title='bbox 913 4006 1125 4092; x_wconf 89' lang='lat' dir='ltr'>opperiuntur,</span> <span class='ocrx_word' id='word_1_289' title='bbox 1144 4004 1224 4070; x_wconf 86' lang='lat' dir='ltr'>inter</span> 
     </span>
     <span class='ocr_line' id='line_1_40' title="bbox 195 4098 1221 4186; baseline 0 -20"><span class='ocrx_word' id='word_1_290' title='bbox 195 4125 235 4166; x_wconf 89' lang='lat' dir='ltr'>ea</span> <span class='ocrx_word' id='word_1_291' title='bbox 255 4124 337 4186; x_wconf 90' lang='lat' dir='ltr'>quae</span> <span class='ocrx_word' id='word_1_292' title='bbox 357 4103 498 4170; x_wconf 85' lang='lat' dir='ltr'>barbaris</span> <span class='ocrx_word' id='word_1_293' title='bbox 517 4113 711 4170; x_wconf 86' lang='lat' dir='ltr'>ostentantur</span> <span class='ocrx_word' id='word_1_294' title='bbox 732 4104 885 4166; x_wconf 89' lang='lat' dir='ltr'>intravere</span> <span class='ocrx_word' id='word_1_295' title='bbox 902 4099 1035 4185; x_wconf 90' lang='lat' dir='ltr'>Pompei</span> <span class='ocrx_word' id='word_1_296' title='bbox 1057 4098 1221 4178; x_wconf 86' lang='lat' dir='ltr'>theatrum,</span> 
     </span>
     <span class='ocr_line' id='line_1_41' title="bbox 195 4194 1222 4285; baseline 0.001 -24"><span class='ocrx_word' id='word_1_297' title='bbox 195 4218 260 4279; x_wconf 88' lang='lat' dir='ltr'>quo</span> <span class='ocrx_word' id='word_1_298' title='bbox 273 4198 520 4284; x_wconf 85' lang='lat' dir='ltr'>magnitudinem</span> <span class='ocrx_word' id='word_1_299' title='bbox 531 4198 641 4285; x_wconf 92' lang='lat' dir='ltr'>populi</span> <span class='ocrx_word' id='word_1_300' title='bbox 653 4197 798 4263; x_wconf 89' lang='lat' dir='ltr'>viserent.</span> <span class='ocrx_word' id='word_1_301' title='bbox 821 4195 883 4260; x_wconf 90' lang='lat' dir='ltr'>illic</span> <span class='ocrx_word' id='word_1_302' title='bbox 895 4194 1062 4281; x_wconf 83' lang='lat' dir='ltr'>parotium</span> <span class='ocrx_word' id='word_1_303' title='bbox 1071 4233 1112 4244; x_wconf 91' lang='lat'><em>-</em></span> <span class='ocrx_word' id='word_1_304' title='bbox 1121 4217 1222 4280; x_wconf 88' lang='lat' dir='ltr'>neque</span> 
     </span>
    </p>
   </div>
   <div class='ocr_carea' id='block_1_3' title="bbox 0 0 1539 4956">
    <p class='ocr_par' dir='ltr' id='par_1_6' title="bbox 0 0 1539 4956">
     <span class='ocr_line' id='line_1_42' title="bbox 0 0 1539 4956; baseline 0 0"><span class='ocrx_word' id='word_1_305' title='bbox 0 0 1539 4956; x_wconf 95' lang='lat' dir='ltr'> </span> 
     </span>
    </p>
   </div>
  </div>
 </body>
</html>
