2958 4960
324 443 366 512 56
674 451 857 509 CORNELH
870 449 1000 508 morri

1239 551 1260 581 a.
1271 553 1292 582 u.
1304 543 1355 585 789.

272 637 305 686 aa
324 613 530 680 voluntariam
547 619 679 676 mortem
691 608 930 695 properavisset.
953 608 1036 674 bona
1052 608 1132 674 inter
1149 617 1351 674 accusatores

324 707 517 783 dividuntur,
541 715 572 771 et
589 713 751 790 praeturae
774 712 861 768 extra
878 703 1019 768 ordinem
1040 703 1131 768 datae
1153 702 1207 767 his·
1226 704 1282 786 qui
1301 726 1354 770 se-

323 799 436 866 natorii
461 799 577 866 ordinis
605 806 701 862 erant.
735 805 810 861 tunc
836 795 932 862 Cotta
956 796 1150 862 Messalinus
1175 817 1217 861 ne
1242 797 1352 882 imago

323 893 458 961 Libonis
485 891 649 976 exsequias
674 899 870 976 posterorum
895 890 1095 956 comitaretur
1119 889 1255 967 censuit,
1288 888 1350 955 Cn.

324 987 494 1064 Lentrdus,
517 1007 558 1050 ne
579 985 649 1069 quia
669 982 851 1050 Scribonius
874 992 1115 1070 cognomentum
1131 983 1233 1048 Drusi
1255 983 1352 1050 adsu-

323 1091 436 1158 meret3
451 1079 710 1165 supplicationum
723 1077 790 1144 dies
803 1076 971 1163 Pomponii
983 1076 1090 1142 Flacci
1107 1077 1263 1142 sententia
1275 1099 1353 1142 con-

326 1173 439 1251 stituti3
462 1173 545 1238 dona
561 1172 645 1249 Iovi,
667 1169 778 1249 Marti,
797 1169 1007 1248 Concordiae,
1025 1180 1122 1255 utque
1138 1171 1249 1235 iduum
1269 1168 1353 1256 Sep-

325 1266 492 1334 tembrium
522 1265 603 1344 dies,
635 1287 697 1349 quc
728 1286 763 1330 se
792 1264 878 1331 Libo
907 1265 1118 1343 interfecerat,
1149 1265 1216 1330 dies
1246 1265 1352 1330 festus

325 1361 503 1437 haberetur,
526 1360 567 1426 L.
589 1357 664 1424 1³⁴*
686 1368 718 1424 et
741 1356 851 1425 Gallus
869 1357 1002 1424 Asinius
1024 1367 1056 1424 et
1075 1358 1195 1445 Papius
1212 1357 1353 1424 Mutilus

326 1464 358 1520 et
378 1455 420 1519 L.
437 1452 598 1539 Apronius
621 1453 799 1532 decrevere3
822 1473 955 1536 quorum
977 1453 1175 1518 auctoritates
1197 1451 1354 1518 adulatio·

325 1569 443 1631 nesque
459 1546 578 1624 rettuli,
596 1556 632 1611 ut
649 1547 779 1614 sciretur
794 1544 886 1612 retus
902 1546 936 1612 id
952 1546 986 1611 in
1001 1568 1036 1612 re
1052 1545 1179 1632 publica
1195 1545 1326 1610 malurn.

326 1682 329 1688 -
389 1640 489 1706 Facta
515 1641 611 1705 etde
637 1639 864 1706 mathematicis
890 1639 1054 1726 magisque
1079 1639 1172 1704 Italia
1196 1639 1353 1726 pellendis

327 1743 454 1800 senatus
478 1733 635 1812 consulta3
662 1755 795 1818 quorum
821 1755 839 1800 e
863 1755 994 1798 numero
1015 1734 1057 1798 L.
1079 1731 1245 1798 Pituanius
1273 1755 1354 1798 saxo

326 1828 465 1894 deiectus
488 1836 551 1905 est3
576 1827 610 1892 in
629 1826 668 1892 P.
690 1826 848 1892 Marcium
869 1827 1013 1896 eonsules
1035 1835 1124 1892 extra
1143 1836 1266 1913 portam
1288 1826 1356 1892 Es·

326 1923 491 2007 quilinam,
518 1943 591 1988 cum
613 1921 779 1988 classicum
800 1943 911 1988 canere
932 1921 1112 2000 iussissent,
1138 1944 1225 1988 more
1245 1921 1355 2008 priseo

272 2013 279 2026 '
327 2018 498 2083 advertere.

277 2130 309 2181 ee
391 2110 540 2177 Proximo
563 2119 690 2178 senatus
712 2111 762 2176 die
778 2112 877 2176 multa
897 2112 931 2175 in
947 2111 1057 2176 luxum
1079 2111 1212 2176 civitatis
1231 2109 1317 2176 dicta
1335 2133 1355 2174 a

329 2206 370 2290 Q.
389 2207 521 2272 Haterio
541 2206 711 2285 consulam,
736 2204 871 2273 Octavio
888 2206 1045 2272 Frontone
1065 2214 1211 2293 praetura
1227 2205 1355 2280 funct03

328 2302 549 2384 decretumque
561 2321 602 2366 ne
619 2323 696 2365 vasa
712 2323 789 2365 auro
802 2301 902 2366 solida
913 2299 1125 2366 ministrandis
1139 2298 1216 2365 cibis
1230 2298 1354 2374 fierent,

327 2415 368 2458 ne
385 2393 482 2458 vestis
502 2391 610 2460 Serica
627 2393 711 2460 viros
728 2394 878 2460 foedaret
901 2395 1036 2460 excessit
1051 2394 1171 2460 Fronto
1188 2415 1226 2459 ac
1242 2401 1356 2479 postn-

327 2486 405 2551 luvit
424 2486 554 2551 modum
573 2495 719 2573 argento,
746 2488 943 2573 supellectili,
970 2488 1121 2554 familiae:
1148 2496 1215 2554 erat
1235 2487 1356 2574 quippe

329 2580 432 2646 adhuc
453 2580 600 2665 frequens
623 2580 831 2659 senatoribus,
859 2583 886 2648 si
907 2584 984 2667 quid
1005 2605 1022 2648 e
1043 2605 1077 2647 re
1098 2582 1226 2669 publica
1246 2584 1358 2647 crede-

328 2682 410 2751 rent,
428 2674 499 2739 loco
517 2673 689 2739 sententiae
706 2696 858 2760 promere.
881 2685 989 2742 contm
1007 2674 1119 2742 Gallus
1137 2674 1270 2742 Asinius
1290 2675 1357 2741 dis-

330 2767 439 2833 seruit:
457 2776 552 2832 auctu
563 2766 686 2852 imperii
698 2767 873 2836 adolevisse
886 2769 980 2834 etiam
996 2769 1134 2855 privatas
1153 2791 1239 2855 opes,
1258 2769 1357 2852 idque

328 2883 392 2926 non
409 2883 527 2926 novum
549 2861 605 2926 sed
622 2883 640 2925 e
657 2860 877 2928 vetustissimis
899 2862 1053 2941 moribus3
1075 2862 1169 2928 aliam
1190 2863 1275 2948 apud
1292 2862 1358 2928 Fa-

329 2953 453 3034 bricios,
472 2954 566 3020 alium
579 2955 663 3041 apud
677 2954 841 3041 Scipiones
854 2956 1033 3042 pecnniam3
1052 2966 1083 3021 et
1100 2966 1212 3023 cuncta
1229 2957 1358 3022 adrem

329 3049 489 3135 publicam
504 3049 627 3128 referri,
645 3050 811 3135 quaterni
828 3059 978 3138 angustas
996 3050 1112 3116 civium
1128 3050 1248 3128 domos,
1267 3060 1357 3136 post-

331 3166 425 3228 quam
443 3166 480 3209 eo
497 3143 746 3230 magnificentiae
767 3145 899 3223 venerit,
921 3144 1052 3232 gliscere
1074 3144 1229 3232 singcdos3
1251 3167 1357 3229 neque

330 3237 364 3302 in
380 3236 500 3302 familia
517 3248 548 3302 et
565 3248 704 3323 argento,
723 3260 865 3322 quaeque
878 3239 919 3304 ed
936 3260 1029 3304 usum
1045 3249 1203 3325 parentum,
1221 3238 1357 3304 nimium

331 3330 448 3413 aliquid
462 3339 516 3395 aut
528 3331 687 3396 modicum
699 3332 761 3396 uisi
775 3354 815 3397 ex
827 3332 953 3398 fortuna
965 3331 1166 3418 possidentis.
1189 3331 1356 3398 distinctos

331 3431 457 3486 senatus
480 3430 511 3486 et
532 3423 673 3504 equitum
690 3445 818 3502 census,
840 3447 903 3490 non
925 3427 999 3511 quia
1016 3425 1133 3492 diversi
1149 3434 1274 3504 natura,
1299 3427 1357 3491 sed

330 3524 365 3580 ut
386 3513 478 3592 locis,
501 3514 675 3594 ordinibus,
702 3517 934 3604 dignationibus
961 3521 1110 3587 autistcnt
1132 3530 1160 3586 ct
1181 3519 1250 3585 aliis
1273 3541 1357 3604 quae

331 3608 372 3676 ad
396 3607 537 3692 requiem
561 3607 658 3674 animi
682 3620 737 3675 aut
762 3611 976 3680 salubritatem
1006 3635 1171 3700 corporum
1194 3623 1356 3700 parentur,

331 3702 393 3773 nisi
409 3701 489 3769 forte
507 3701 679 3769 clarissimo
696 3705 808 3789 cuique
826 3707 930 3792 plures
953 3729 1058 3786 curas,
1081 3708 1199 3773 maiora
1215 3707 1373 3794 pericula·

333 3795 504 3876 subeunda,
523 3797 737 3865 delenimentis
752 3821 895 3866 curarum
912 3811 944 3866 et
959 3802 1168 3888 periculorum
1185 3801 1358 3867 carendum

332 3913 412 3958 esse.
429 3891 569 3962 Facilem
581 3892 750 3958 adsensum
760 3889 853 3960 Gallo
866 3893 925 3960 sub
938 3895 1116 3962 nominibus
1129 3894 1269 3960 honestis
1279 3916 1356 3960 eon-

332 3983 429 4053 lessio
450 3986 597 4053 vitiorum
618 3996 649 4052 et
671 3987 839 4054 similitudo
860 3988 1053 4054 audientium
1074 3989 1172 4066 dedit3
1199 3987 1359 4055 adiecerat

333 4088 365 4144 et
382 4078 527 4148 Tiberius
545 4104 609 4150 non
624 4081 658 4146 id
675 4092 798 4169 tempus
820 4104 984 4162 censmae,
1006 4105 1078 4161 nee,
1101 4082 1221 4166 siquid
1238 4081 1272 4146 in
1287 4104 1358 4148 mo·

333 4169 418 4242 ribus
436 4171 568 4252 labaret,
587 4174 767 4244 defuturum
786 4177 960 4264 corrigendi
977 4185 1144 4242 auctorem.
