3042 4956
359 435 421 500 172
704 444 889 504 CORNELII
907 445 1039 502 TACITI

1277 551 1299 581 ι.
1311 553 1337 582 ιι.
1350 544 1402 584 sss.

357 605 496 688 equitare
515 603 636 681 castris,
655 603 813 668 Mensam
829 602 960 689 pabula;
978 625 1015 669 ac
1033 627 1128 692 saepe
1141 607 1174 672 in
1186 608 1323 673 modum
1338 609 1403 674 ob-

356 700 430 766 sidii
455 698 641 766 stationibus
668 697 828 784 cingebat,
860 698 960 764 donec
984 698 1097 765 Parthi
1126 703 1401 768 contumeliarum

357 793 527 860 insolentes
545 792 810 858 circumsisterent
825 813 943 878 regem,
961 804 1127 878 poscerent
1143 797 1310 881 proelium.
1347 809 1401 862 at-

357 911 419 974 que
432 887 493 954 illis
508 888 576 954 sola
587 889 620 952 in
637 887 741 972 equite
753 887 816 952 vis:
834 884 1067 954 Pharasmanes
1085 899 1115 954 et
1128 890 1232 975 pedite
1246 891 1383 957 valebat
1389 919 1399 972 ;

357 1008 431 1050 nam
453 982 567 1050 Hiberi
583 982 763 1066 Albanique
786 982 941 1047 saltuosos
958 981 1046 1048 locos
1063 983 1235 1050 incolentes
1253 986 1398 1051 duritiae

356 1079 587 1165 patientiaeque
603 1077 705 1163 magis
722 1076 900 1154 insuavem,
919 1076 1084 1161 fenmtque
1103 1100 1137 1142 se
1155 1078 1321 1162 Thessalis
1342 1103 1399 1146 or-

273 1241 278 1249 ,
359 1185 423 1251 tos,
447 1195 511 1256 qua
527 1180 713 1258 tempestate
729 1169 804 1235 laso
825 1179 898 1256 post
919 1182 1062 1237 avectam
1080 1171 1228 1238 Medeam
1246 1173 1397 1260 genitos-

358 1289 419 1352 que
437 1289 477 1331 ex
495 1289 534 1331 ea
551 1265 666 1330 liberos
688 1265 814 1329 inanem
831 1287 906 1330 mox
922 1266 1043 1351 regiam
1060 1267 1182 1332 Aeetae
1204 1290 1395 1352 vacuosque

359 1360 497 1426 Colchos
519 1359 679 1444 repetivit3
704 1358 865 1442 multaque
886 1359 926 1426 de
947 1360 1073 1426 nomine
1101 1362 1169 1426 eius
1191 1371 1223 1426 et
1245 1363 1392 1429 oraclum

355 1454 468 1518 Phrixi
485 1452 657 1530 celebrant;
684 1473 743 1517 nec
759 1451 928 1536 quisquam
945 1454 1040 1518 ariete
1059 1454 1295 1533 sacrificaverit,
1321 1479 1393 1521 cre·

356 1549 422 1613 dito
447 1547 573 1612 vexisse
589 1545 758 1623 Phrixum,
786 1547 854 1611 sive
874 1547 907 1611 id
928 1548 1044 1613 animal
1067 1571 1124 1613 seu
1145 1549 1236 1614 navis
1259 1550 1390 1636 insigne

357 1641 426 1706 fuit.
456 1651 594 1705 ceterum
624 1639 743 1704 duecte
771 1640 928 1724 utrimque
958 1641 1025 1706 acie
1050 1640 1187 1707 Parthus
1217 1643 1389 1728 imperium

357 1732 513 1811 Orientis,
535 1732 752 1798 claritudinem
773 1733 999 1799 Arsacidarum
1021 1745 1189 1819 contraque
1211 1735 1388 1822 ignobilem

356 1827 512 1894 Hiberum
528 1827 720 1894 mercenario
737 1827 836 1892 milite
854 1827 1041 1907 disserebat;
1058 1829 1290 1896 Pharasmanes
1305 1831 1389 1896 inte-

356 1947 430 2013 gros
449 1933 548 1990 semet
565 1947 584 1989 a
601 1923 750 1990 Parthico
767 1923 942 2002 dominatu,
961 1933 1078 2007 quanto
1095 1925 1214 1990 maiora
1230 1933 1386 2010 peterent,

356 2021 428 2106 plus
454 2020 575 2086 decoris
596 2020 731 2086 victores
750 2029 819 2097 aut,
845 2019 873 2084 si
894 2030 983 2106 terga
1004 2020 1128 2099 darent,
1155 2021 1267 2107 flagitii
1288 2031 1386 2106 atque

356 2115 486 2201 periculi
502 2114 636 2192 laturos3
655 2114 748 2179 simul
765 2113 922 2178 horridam
940 2135 1069 2178 suomm
1082 2114 1191 2192 aciem,
1209 2115 1294 2200 picta
1307 2139 1386 2181 auro

356 2209 525 2274 Medorum
552 2209 692 2294 agmina3
719 2208 792 2272 hinc
809 2207 907 2285 viros,
933 2207 1006 2272 inde
1031 2209 1180 2292 praedam
1208 2209 1384 2274 ostendere.

305 2307 336 2352 ⁴¹
356 2303 515 2368 enimvero
533 2302 617 2386 apud
637 2299 799 2367 Sarmatas
822 2324 887 2366 non
904 2325 967 2366 una
984 2323 1047 2366 vox
1064 2301 1168 2366 ducisr
1196 2325 1230 2366 se
1247 2302 1385 2387 quisque

301 2371 343 2418 ‘³⁵'
356 2395 516 2462 stimulant
533 2417 572 2460 ne
584 2418 726 2481 pugnam
738 2418 795 2482 per
808 2395 939 2482 sagittas
953 2396 1102 2461 sinerent:
1120 2396 1239 2481 impetu
1252 2405 1283 2460 et
1296 2418 1384 2462 com-

355 2489 459 2553 minus
485 2486 760 2573 praeveniendum.
795 2489 901 2554 variae
930 2489 1004 2554 hinc
1034 2489 1218 2554 bellantium
1248 2490 1382 2575 species,

356 2603 426 2646 cum
439 2580 577 2646 Parthus
596 2581 685 2663 sequi
703 2581 755 2646 vel
772 2581 883 2668 fugere
899 2583 968 2668 pari
985 2592 1052 2648 arte
1069 2591 1177 2648 suetus
1196 2582 1384 2648 distraheret

356 2685 484 2752 turmas,
503 2674 639 2758 spatium
660 2674 775 2740 ictibus
791 2685 965 2759 quaereret,
985 2675 1148 2743 Sarmatae
1165 2677 1283 2742 omisso
1296 2699 1381 2754 arcu,

354 2789 417 2851 quo
435 2767 561 2833 brevius
579 2767 693 2845 valent,
712 2769 812 2834 contis
830 2769 1006 2856 gladiisque
1024 2779 1162 2848 ruerent;
1180 2770 1274 2836 modo
1287 2792 1383 2854 eque-

356 2862 428 2928 stris
446 2862 555 2948 proelii
572 2885 658 2928 more
677 2864 790 2929 frontis
809 2874 839 2930 et
857 2864 937 2951 tergi
949 2865 1045 2942 vices,
1065 2864 1241 2948 aliquando,
1260 2873 1296 2928 ut
1308 2885 1382 2929 con-

357 2966 439 3024 serta
456 2957 549 3036 acies,
568 2956 750 3044 corporibus
769 2967 801 3023 et
816 2957 910 3044 pulsu
928 2981 1085 3024 armorum
1102 2957 1267 3043 pellerent,
1285 2958 1382 3043 pelle-

355 3061 477 3130 rentur3
499 3052 625 3136 iamque
643 3062 674 3117 et
691 3049 810 3118 Albani
827 3051 1002 3135 Hiberique
1020 3073 1182 3136 prensare,
1206 3051 1380 3129 detrudere,

357 3146 525 3232 ancipitem
541 3169 681 3234 pugnam
699 3145 842 3212 hostibus
860 3145 978 3221 lacere,
1001 3167 1080 3228 quos
1099 3167 1195 3230 super
1212 3147 1333 3227 equites
1351 3154 1382 3208 et

356 3238 553 3325 propioribus
579 3239 760 3304 vulneribus
790 3240 911 3325 pedites
942 3237 1151 3304 adflictabant.
1195 3238 1276 3302 inter
1301 3260 1381 3321 quae

355 3331 587 3397 Pharasmanes
606 3331 808 3416 Orodesque,
832 3334 908 3398 dum
926 3331 1060 3398 strenuis
1083 3332 1198 3397 adsunt
1219 3340 1274 3396 aut
1291 3331 1381 3396 dubi·

355 3422 494 3488 tantibus
508 3423 706 3502 subveniunt,
726 3426 888 3510 conspicui
906 3448 1005 3510 eoque
1017 3426 1117 3512 gnari,
1136 3424 1281 3503 clamore,
1300 3424 1378 3500 telis,

356 3517 444 3599 equis
471 3527 672 3595 concurrrmt,
699 3519 865 3584 instantius
892 3520 1139 3586 Pharasmanes:
1166 3541 1240 3585 nam
1267 3519 1378 3584 vulnru

355 3631 412 3698 per
433 3611 556 3699 galeam
578 3611 697 3698 adegit3
723 3634 781 3678 nec
802 3612 914 3696 iterare
932 3613 1043 3691 valuit,
1070 3613 1228 3700 praelatus
1252 3633 1334 3697 equo
1350 3621 1380 3677 et

356 3704 534 3772 fortissimis
553 3705 721 3772 satellitum
738 3707 975 3792 protegentibus
995 3708 1150 3785 saucium;
1173 3705 1259 3772 fama
1277 3715 1379 3776 tamen

356 3800 452 3868 occisi
473 3799 554 3867 falso
581 3800 699 3868 credita
725 3800 873 3866 exterruit
895 3801 1030 3868 Parthos
1055 3800 1281 3885 victoriamque
1308 3822 1379 3866 con-

357 3917 490 3962 cessere.
905 3955 908 3962 ⁴

306 3998 338 4044 4²
420 3989 502 4056 Mox
518 3990 699 4058 Artabanus
718 3999 784 4057 tota
800 3991 882 4058 mole
903 3992 992 4078 regni
1014 3991 1115 4056 ultum
1132 3990 1177 4055 iit
1209 3987 1320 4074 peritia
1335 3986 1379 4051 lo-

300 4063 343 4112 m>
357 4104 465 4150 corum
482 4083 522 4150 ab
536 4085 664 4152 Hiberis
683 4085 794 4152 melius
812 4095 1001 4172 pugnatum
1019 4107 1078 4150 nec
1094 4083 1166 4150 ideo
1180 4079 1376 4156 abscedebat,

356 4174 388 4238 ni
406 4179 572 4244 contractis
589 4179 766 4265 legionibus
784 4178 930 4246 Vitellius
949 4190 981 4246 et
999 4178 1124 4246 subdito
1142 4198 1281 4254 rumore,
1300 4183 1376 4240 tam·
