3020 4958
430 437 638 497 mmmuu
655 427 735 493 mn:
744 437 808 498 xv.
826 409 945 495 stc-59.
1139 429 1201 494 309

174 547 195 586 ῃ.
204 534 245 576 cu.
257 533 291 575 cs.

175 602 367 686 Quintianus
387 596 520 664 Glitium
539 595 682 674 Gallum,
703 594 838 662 Senecio
855 595 998 662 Annium
1014 597 1201 676 Pollionem,

174 698 348 762 amicorum
365 692 560 779 praecipuos,
580 691 790 756 nominavere.

236 791 349 873 Atque
365 787 490 852 interim
507 787 591 851 Nero
608 787 789 851 recordatus
800 784 924 852 Volusii
941 787 1069 852 Proculi
1086 788 1201 854 indicio
1220 809 1250 855 tr

172 884 348 970 Epicharin
370 880 494 946 attineri
514 891 664 963 ratusque
682 880 834 945 muliebre
853 881 966 965 'corpus
984 881 1086 966 impar
1103 881 1202 946 dolori

173 977 338 1043 tormentis
351 975 513 1042 dilacerari
525 972 621 1039 iubet.
641 984 673 1038 at
689 973 775 1038 illam
788 997 852 1038 non
865 973 1005 1052 verbera,
1024 998 1087 1040 non
1099 976 1201 1061 ignes,

172 1095 236 1138 non
257 1072 306 1135 ira
322 1093 361 1134 eo
379 1069 482 1134 acrius
500 1068 716 1152 torquentium
735 1091 775 1132 ne
797 1091 816 1133 a
833 1069 951 1134 femina
973 1079 1200 1155 spernerentur,

171 1165 348 1251 pervicere,
366 1164 443 1246 quin
461 1162 584 1228 obiecta
601 1162 779 1248 denegaret.
804 1162 850 1227 sic
871 1165 990 1248 primus
1009 1164 1201 1247 quaestionis

171 1262 242 1324 dies
261 1266 474 1341 contemptus:
492 1267 617 1343 postero
636 1278 708 1320 cum
726 1257 767 1320 ad
784 1258 912 1321 eosdem
930 1257 1087 1322 cruciatus
1105 1267 1202 1322 retra·

171 1356 301 1419 heretur
317 1351 492 1438 gestamine
511 1351 606 1416 sellae
624 1389 665 1399 --
684 1373 758 1414 nam
775 1351 936 1416 dissolutis
954 1351 1103 1416 membris
1125 1351 1202 1414 insi-

173 1457 257 1512 stere
273 1445 426 1530 nequibat
443 1483 485 1492 —
502 1444 606 1509 vinclo
624 1443 751 1522 fasciae,
770 1466 865 1528 quam
881 1444 1000 1530 pectori
1015 1444 1200 1521 detraxerat,

171 1542 207 1606 in
224 1541 356 1604 modum
373 1538 478 1622 laquei
500 1539 541 1603 ad
559 1560 666 1602 areum
689 1539 783 1602 sellae
805 1539 948 1604 restricto
970 1539 1081 1604 indidit
1102 1539 1201 1604 cervi-

173 1656 243 1699 cem
262 1643 294 1698 et
312 1632 450 1718 corporis
468 1633 606 1717 pondere
624 1632 754 1697 connisa
771 1642 896 1698 tenuem
912 1633 976 1698 iam
990 1633 1133 1719 spiritum
1147 1655 1202 1697 ex-

172 1728 300 1814 pressit,
318 1727 448 1792 clariore
466 1727 610 1811 exemplo
628 1725 772 1791 libertina
789 1728 901 1792 mulier
917 1729 951 1793 in
964 1737 1050 1797 tanta
1063 1728 1201 1794 necessi-

173 1832 238 1887 tate
256 1821 375 1885 alienos
394 1841 431 1884 ac
447 1842 545 1906 prope
566 1821 690 1907 ignotos
708 1824 910 1907 protegendo,
934 1845 1006 1886 cum
1023 1823 1152 1908 ingenui
1170 1831 1201 1886 et

172 1916 232 1980 viri
250 1924 282 1979 et
300 1915 420 1998 equites
438 1915 575 1980 Romani
594 1925 816 1998 senatoresque
834 1916 942 1980 intacti
964 1917 1125 1982 tormentis
1149 1937 1201 1979 ca-

172 2009 299 2074 rissima
326 2020 454 2073 suorum
480 2009 614 2092 quisque
640 2010 809 2096 pignorum
831 2009 1005 2093 proderent.
1032 2008 1202 2072 nonenim

172 2101 360 2168 omittebant
390 2102 542 2167 Lucanus
573 2125 700 2186 quoque
727 2111 758 2167 et
787 2100 920 2168 Senecio
952 2112 983 2166 et
1010 2101 1200 2184 Quintianus

171 2198 295 2282 passim
317 2198 460 2262 conscios
483 2199 589 2275 edere,
617 2197 719 2284 magis
742 2197 908 2283 magisque
929 2198 1044 2282 pavido
1066 2196 1199 2272 Nerone,

172 2312 366 2375 quamquam
388 2291 602 2377 multiplicatis
631 2291 772 2358 excubiis
796 2305 896 2357 semet
927 2289 1085 2373 sepsisset.
1125 2289 1201 2371 quin
1220 2311 1252 2358 ss

172 2395 205 2450 et
218 2385 329 2450 urbem
342 2408 399 2473 per
413 2387 589 2472 manipulos
603 2387 763 2472 occupatis
778 2386 953 2462 moenibus,
971 2385 1094 2450 insesso
1107 2384 1201 2448 etiam

173 2479 254 2544 mari
271 2492 303 2542 et
320 2497 421 2556 amne,
444 2481 530 2544 velut
547 2481 580 2544 in
597 2481 773 2546 custodiam
792 2480 878 2545 dedit
895 2479 1128 2561 volitabantque
1146 2500 1202 2563 per
1249 2557 1252 2563 Ι

172 2575 257 2650 fora,
284 2595 342 2658 per
358 2573 484 2651 domos,
511 2597 584 2639 rura
601 2596 727 2658 quoque
745 2585 776 2639 et
797 2576 940 2661 proxima
962 2574 1202 2658 municipiorum

172 2667 296 2752 pedites
322 2667 519 2751 equitesque,
550 2669 696 2752 permixti
723 2667 907 2747 Germanis,
943 2668 1058 2753 quibus
1085 2668 1202 2734 fidebat

173 2761 319 2846 princeps
342 2761 434 2844 quasi
456 2762 601 2826 extemis.
629 2763 776 2827 continua
798 2764 872 2827 hinc
895 2772 926 2827 et
949 2765 1053 2828 vincta
1076 2764 1202 2848 agmina

173 2854 257 2919 trahi
273 2876 310 2918 ac
331 2855 453 2920 foribus
475 2855 635 2920 hortorum
658 2857 815 2932 adiacere,
843 2866 937 2938 atque
959 2857 1014 2920 ubi
1036 2857 1201 2921 dicendam

173 2949 216 3014 ad
238 2969 367 3013 causam
388 2949 582 3027 introissent,
610 2973 671 3014 non
693 2949 803 3014 celatus
827 2958 948 3012 tantum
968 2971 1043 3033 erga
1060 2950 1203 3012 coniura-

173 3053 223 3108 tos
247 3043 303 3107 sed
320 3042 467 3108 fortuitus
491 3065 593 3108 sermo
618 3053 649 3108 et
671 3042 765 3108 subiti
785 3063 944 3116 occursus,
964 3043 991 3105 si
1013 3041 1201 3117 convivium,

175 3137 203 3201 si
225 3137 439 3222 spectaculum
462 3138 555 3202 simul
576 3137 723 3214 inissent,
750 3159 808 3222 pro
834 3134 962 3200 crimine
989 3133 1102 3218 accipi,
1130 3154 1202 3197 oum

175 3253 270 3316 super
286 3231 420 3297 Neronis
443 3254 480 3296 ac
499 3231 648 3317 Tigellini
666 3253 780 3296 saevas
795 3228 1045 3314 percontationes
1063 3226 1201 3292 Faenius

174 3347 299 3410 quoque
308 3325 413 3391 Rufus
423 3327 576 3392 violenter
588 3333 746 3411 urgueret,
765 3325 904 3390 nondum
918 3321 958 3388 ab
976 3321 1132 3388 indicibus
1146 3345 1203 3388 no-

174 3418 327 3496 minatus,
359 3421 416 3486 sed
439 3443 502 3505 quo
523 3419 618 3484 fidem
640 3419 782 3484 inscitiae
808 3415 946 3505 pararet',
978 3427 1068 3483 atrox
1093 3418 1203 3482 adver·

175 3535 231 3577 sus
250 3512 350 3578 socios
356 3538 365 3592 ;
383 3515 467 3579 idem
486 3513 603 3579 Subrio
619 3512 720 3579 Flavo
739 3513 899 3580 assistenti
916 3513 1142 3597 adnuentique,
1162 3535 1203 3577 an

174 3606 256 3670 inter
277 3607 379 3692 ipsam
397 3607 608 3694 cognitionem
629 3609 837 3694 destringeret
853 3608 994 3693 gladium
1012 3607 1202 3696 caedemque

173 3708 321 3784 patraret,
339 3703 442 3767 renuit
458 3702 647 3788 infregitque
665 3703 816 3788 impetum
834 3702 897 3766 iam
912 3697 1040 3764 manu‘m
1053 3698 1093 3762 ad
1108 3718 1203 3780 capu·

174 3795 242 3858 lum
258 3794 433 3864 referentis.

239 3888 343 3955 Fuere
365 3892 420 3975 qui
436 3892 559 3977 prodita
576 3889 796 3965 coniuratione,
815 3887 890 3951 dum
908 3885 1032 3949 auditur
1041 3882 1201 3957 Milichus,
1222 3903 1253 3951 59

176 3983 253 4048 dum
274 3985 397 4052 dubitat
416 3985 605 4064 Scaevinus,
633 3986 830 4050 hortarentur
846 3981 996 4045 Pisonem
1017 3999 1148 4063 porgere
1169 3977 1203 4040 in

177 4086 281 4142 castra
306 4090 361 4144 aut
386 4089 487 4146 rostra
504 4079 672 4145 escendere
699 4077 864 4160 studiaque
886 4073 1020 4137 militum
1042 4080 1074 4136 et
1096 4071 1204 4157 populi

177 4179 344 4258 temptare:
364 4175 392 4240 si
409 4174 573 4242 conatibus
592 4173 659 4239 eius
674 4171 791 4238 conscii
805 4173 1060 4257 aggregarentur,
1080 4176 1203 4234 secutu-
