2958 4960
332 409 374 474 26
679 411 862 470 CORNELII
873 409 1007 465 TAGITI

1246 511 1267 539 ι.
1278 512 1302 542 ιι.
1315 503 1359 542 rer.

331 578 452 642 mittere
469 574 582 640 Rheno
603 579 706 657 parat,
729 570 757 634 si
775 567 938 654 imperium
960 567 1158 645 detrectatur,
1182 567 1267 634 bello
1293 590 1362 634 oer-

331 682 462 738 taturus.

281 789 313 838 46
395 763 442 829 At
458 763 578 828 Romae
596 759 734 824 nondum
752 757 891 843 cognito,
910 756 964 839 qui
981 755 1093 820 fuisset
1111 757 1211 822 exitus
1230 757 1264 821 in
1281 757 1364 842 Illy-

331 861 412 937 rico,
435 868 468 922 et
483 855 643 942 legionum
661 850 918 918 Germanicarum
940 860 1027 914 motu
1044 851 1151 915 audito
1173 850 1298 935 trepida
1317 852 1362 916 ci-

331 955 413 1020 vitas
430 953 573 1016 incusare
592 947 753 1013 Tiberium
771 945 869 1029 quod,
888 943 963 1008 dum
981 954 1084 1030 patres
1103 954 1134 1009 et
1151 945 1292 1029 plebem,
1312 945 1362 1009 in-

332 1047 437 1112 valida
458 1054 491 1110 et
510 1042 654 1118 inermia,
682 1039 878 1105 cunctatione
900 1037 973 1103 ficta
993 1038 1181 1115 ludificetur,
1205 1037 1362 1102 dissideat

331 1141 456 1206 interim
468 1137 558 1202 miles
572 1156 674 1218 neque
688 1133 819 1198 duorum
833 1131 1079 1197 adulescentium
1096 1132 1235 1198 nondum
1250 1132 1362 1196 adulta

333 1233 515 1301 auctoritate
528 1228 690 1315 comprimi
703 1238 810 1310 queat:
823 1227 868 1290 ire
881 1226 985 1311 ipsum
998 1235 1029 1290 et
1042 1248 1197 1310 opponere
1210 1226 1361 1291 maiesta-

333 1340 396 1394 tem
413 1323 642 1410 imperatoriam
661 1320 806 1386 debuisse
825 1319 974 1397 cessuris,
996 1319 1050 1383 ubi
1071 1319 1244 1404 prinoipem
1262 1318 1361 1405 longa

333 1418 524 1506 experientia
545 1416 741 1498 eundemque
768 1414 940 1479 severitatis
963 1422 994 1478 et
1018 1413 1248 1478 munificentiae
1271 1436 1361 1478 sum-

333 1537 419 1580 mum
437 1511 598 1576 vidissent.
622 1533 663 1574 an
675 1508 860 1594 Augustum
878 1507 965 1572 fessa
982 1517 1081 1572 aetate
1099 1507 1211 1572 totiens
1229 1507 1263 1572 in
1277 1505 1360 1572 Ger-

332 1607 453 1672 manias
471 1625 646 1670 commeare
667 1603 820 1688 potuisse:
844 1600 1006 1666 Tiberium
1023 1601 1181 1687 vigentem
1197 1601 1289 1667 annis
1309 1623 1360 1666 se-

332 1702 406 1766 dere
419 1701 452 1764 in
466 1707 585 1774 senatu,
602 1697 698 1762 verba
709 1706 833 1781 patrum
842 1696 1058 1760 cavillantem?
1071 1695 1146 1760 satis
1155 1705 1359 1780 prospectum

332 1795 470 1860 urbanae
493 1792 646 1858 servituti:
669 1790 855 1856 militaribus
878 1790 989 1854 animis
1007 1789 1184 1855 adhibenda
1204 1790 1358 1869 fomenta,

331 1899 368 1954 ut
385 1888 466 1953 ferre
483 1908 594 1972 pacem
611 1885 717 1950 velint.

283 2006 313 2052 47
371 1979 375 1987 ’
395 1982 556 2047 Inmotum
569 1979 719 2045 adversus
733 1999 787 2043 cos
807 2000 965 2042 sermones
978 1977 1137 2060 fixumque
1151 1977 1279 2042 Tiberio
1296 1977 1359 2043 fuit

331 2099 396 2142 non
413 2075 554 2140 omittere
577 2083 671 2158 caput
688 2095 792 2137 rerum
813 2093 916 2155 neque
935 2093 968 2136 se
990 2093 1118 2154 remque
1142 2070 1302 2155 publicam
1323 2072 1358 2135 in

333 2192 441 2235 casum
463 2169 551 2244 dare3
574 2167 673 2232 multa
693 2167 810 2251 qirippe
832 2174 864 2229 et
886 2165 1011 2229 diversa
1032 2164 1202 2250 angebant:
1225 2164 1359 2230 validior

331 2285 388 2347 per
405 2259 609 2327 Germaniam
629 2260 797 2336 exercitus,
820 2259 947 2344 propior
969 2259 1053 2342 apud
1070 2257 1266 2323 Pannoniam
1272 2283 1281 2336 3
1303 2259 1358 2324 ille

334 2353 507 2420 Galliarum
529 2352 641 2436 opibus
665 2352 832 2428 subnixus,
859 2352 911 2416 hic
932 2351 1043 2416 Italiae
1069 2352 1248 2417 imminens:
1275 2373 1358 2436 quos

331 2449 427 2534 igitur
444 2445 628 2510 anteferret?
649 2467 687 2510 ac
704 2469 743 2510 ne
765 2446 930 2532 postpositi
952 2446 1139 2512 contumelia
1155 2446 1360 2512 incenderen-

332 2553 391 2604 tur.
414 2549 447 2604 at
463 2560 521 2623 per
537 2538 618 2604 filios
635 2539 751 2624 pariter
772 2540 864 2617 adiri,
887 2541 1049 2606 maiestate
1067 2539 1167 2618 salva,
1190 2540 1241 2605 cui
1258 2540 1360 2606 maior

333 2657 350 2698 e
371 2632 542 2718 longinquo
567 2633 755 2711 reverentia;
782 2634 876 2698 simul
897 2634 1149 2700 adulescentibus
1172 2644 1358 2700 excusatum

332 2727 487 2811 quaedam
504 2727 545 2790 ad
561 2736 681 2811 patrem
698 2728 824 2805 reicere,
843 2728 1078 2812 resistentisque
1097 2727 1284 2795 Germanico
1302 2741 1360 2795 aut

331 2820 440 2885 Druso
458 2842 589 2905 possea
607 2843 641 2884 se
659 2821 795 2907 mitigari
812 2822 863 2887 vel
879 2821 1022 2909 infringi:
1044 2824 1130 2907 quod
1151 2823 1235 2888 aliud
1254 2822 1360 2888 subsi-

332 2914 431 2991 dium,
456 2915 483 2979 si
504 2914 722 3000 imperatorem
746 2916 957 3001 sprevissent?
978 2927 1116 2982 ceterum
1137 2917 1256 2982 utiam
1277 2916 1359 2982 iam-

332 3031 393 3094 que
414 3009 514 3074 iturus
536 3009 613 3095 legit
635 3009 779 3086 comites,
802 3010 990 3093 conquisivit
1006 3010 1242 3096 impedimenta,
1265 3011 1359 3075 ador-

332 3103 419 3168 navit
431 3125 542 3168 naves:
556 3127 631 3168 mox
643 3104 778 3168 hiemem
792 3114 846 3168 aut
858 3104 984 3190 negotia
997 3105 1082 3168 varie
1095 3114 1241 3170 causatus
1254 3104 1360 3188 primo

331 3197 514 3283 prudentes,
533 3197 606 3261 dein
622 3198 767 3283 vulgum,
786 3197 957 3262 diutissime
974 3198 1150 3282 provincias
1169 3197 1290 3263 fefellit.

282 3306 314 3354 48
395 3288 443 3353 At
460 3287 684 3366 Germanicus,
707 3312 898 3375 quamquam
920 3300 1079 3357 contracto
1096 3291 1234 3357 exercitu
1252 3299 1284 3356 et
1301 3313 1359 3376 pa

331 3389 399 3444 rata
419 3381 452 3444 in
470 3381 643 3446 defectores
667 3383 795 3461 ultione,
819 3384 959 3450 dandum
981 3385 1084 3450 adbuc
1101 3385 1238 3471 spatium
1259 3395 1357 3462 ratus,

333 3472 360 3536 si
376 3474 492 3537 recenti
510 3474 654 3559 exemplo
672 3475 732 3540 sibi
749 3477 811 3562 ipsi
828 3479 1033 3557 consulerent,
1052 3479 1220 3565 praemittit
1237 3479 1358 3544 litteras

332 3566 373 3630 od
391 3564 574 3645 Caecinam,
594 3570 699 3634 venire
717 3593 752 3635 se
769 3571 873 3637 valida
890 3596 985 3638 manu
1002 3595 1049 3651 ac,
1068 3573 1101 3638 ni
1119 3573 1307 3658 supplicium
1324 3573 1358 3636 in

332 3661 430 3726 malos
448 3673 662 3746 praesumant,
686 3687 818 3730 usinum
839 3667 996 3752 promisca
1013 3669 1123 3732 caede:
1146 3691 1200 3733 eas
1219 3665 1359 3732 Caecina

332 3756 503 3840 aquiliferis
531 3758 752 3844 signiferisque
774 3769 805 3826 et
826 3762 911 3845 quod
937 3762 1072 3826 maxime
1098 3771 1272 3828 castrorum
1294 3761 1358 3827 sin-

332 3872 438 3916 cerum
463 3861 529 3916 erat
555 3853 674 3918 occulte
700 3854 822 3932 recitat,
854 3865 951 3937 utque
977 3864 1105 3922 cunctos
1131 3853 1293 3931 infamiae,
1322 3877 1357 3920 se

331 3943 416 4028 ipsos
435 3947 527 4011 morti
544 3948 682 4014 eximant
699 3950 852 4026 hortatum
876 3973 947 4014 nam
965 3950 998 4014 in
1015 3973 1094 4036 pace
1111 3973 1224 4017 causas
1242 3960 1274 4016 et
1290 3973 1359 4015 me-

331 4037 390 4101 rita
415 4041 561 4124 spectari:
589 4043 644 4108 ubi
668 4043 786 4110 bollum
811 4044 949 4130 ingruat,
975 4045 1157 4112 innocentes
1184 4067 1222 4110 ac
1243 4045 1356 4111 noxios

331 4129 418 4195 iuxta
435 4133 554 4198 cadere.
584 4135 634 4201 Illi
655 4138 813 4222 temptatis
836 4161 914 4222 quos
932 4138 1062 4206 idoneos
1084 4139 1245 4216 rebantur,
1268 4147 1356 4224 post-
