2960 4962
400 463 608 520 ANNALIUM
625 463 700 521 LIB.
715 465 763 520 IV.
781 465 900 521 36-39.
1101 459 1163 524 133

125 567 146 603 p.
157 555 200 595 cn
211 557 250 595 aa.

125 622 283 688 silocum
306 621 480 706 principem
501 620 663 707 impleam,
686 631 718 685 et
739 645 796 687 vos
811 631 911 688 testor
932 635 963 689 et
984 628 1163 694 meminisse

123 723 277 800 posteros
295 715 369 780 volo
374 739 383 791 ς
402 714 457 796 qui
475 714 550 778 satis
565 735 721 799 superque
733 717 902 782 memoriae
915 739 1003 784 meae
1016 720 1161 800 tribuent,

124 819 159 872 nt
179 808 362 874 maioribus
385 808 464 872 meis
491 808 634 893 dignum,
661 831 765 874 rerum
779 821 966 876 vestrarum
986 816 1162 898 providum,

125 912 330 968 constantem
347 903 380 967 in
397 902 559 987 periculis,
580 903 789 968 offensionum
809 926 868 990 pro
884 906 1016 973 utilitate
1036 908 1164 994 publica

126 1020 189 1061 non
206 997 365 1082 pavidum
378 996 520 1061 credant:
542 997 620 1062 haec
637 998 714 1062 mibi
731 999 764 1062 in
781 999 894 1065 animis
906 1003 1019 1068 vestris
1038 1004 1162 1088 templa,

126 1090 185 1155 bae
212 1089 449 1175 pulcherrimae
475 1089 598 1176 effigies
620 1101 652 1155 et
672 1115 854 1172 mansurae3
879 1117 954 1160 nam
979 1117 1060 1180 quae
1087 1119 1163 1162 saxo

126 1193 306 1259 struuntur,
326 1183 354 1247 si
371 1183 520 1248 iudicium
532 1194 730 1268 posterorum
746 1186 780 1250 in
797 1188 904 1253 odium
921 1189 1021 1267 vertit,
1040 1212 1097 1276 pro
1116 1213 1164 1256 se-

126 1277 249 1361 pulcris
278 1286 477 1361 spernuntur.
509 1279 639 1363 proinde
665 1281 783 1357 socios,
809 1281 895 1346 cives
921 1293 953 1347 et
978 1284 1054 1350 deos
1076 1286 1163 1370 ipsos

126 1394 254 1455 precor,
279 1371 353 1448 hos,
375 1380 411 1434 ut
428 1372 505 1435 mihi
522 1373 563 1436 ad
584 1372 679 1438 finem
696 1396 795 1458 nsque
813 1376 896 1440 vitae
913 1378 1050 1461 quietam
1068 1389 1100 1444 et
1116 1380 1163 1444 in-

127 1464 335 1550 tellegentem
356 1463 485 1529 humani
511 1466 671 1550 divinique
691 1468 768 1534 iuris
793 1480 929 1535 mentem
952 1472 1054 1549 duint,
1081 1473 1161 1552 illos,

129 1569 172 1634 ut,
192 1558 387 1642 quandoque
405 1577 600 1637 concessero,
619 1582 691 1626 cum
708 1561 800 1628 lande
818 1573 849 1628 et
865 1563 957 1630 bonis
974 1567 1161 1632 recordatio-

128 1651 223 1717 nibus
241 1652 330 1717 facta
347 1662 441 1736 atque
458 1653 576 1718 famam
594 1655 730 1720 nominis
746 1657 809 1721 mei
824 1665 1082 1742 prosequantur.“

190 1746 401 1829 Perstititque
422 1747 554 1831 posthac
576 1749 703 1813 secretis
725 1751 820 1814 etiam
841 1753 1037 1820 sermonibus
1055 1776 1162 1840 asper-

129 1840 197 1904 nari
214 1841 314 1904 talem
333 1840 383 1904 sui
404 1841 538 1919 cultum,
560 1842 646 1924 quod
663 1843 717 1907 alii
737 1846 938 1924 modestiam,
960 1847 1064 1923 multi,
1087 1849 1162 1930 quia

131 1933 303 2010 diffideret,
336 1934 464 2016 qnidam
489 1944 525 1998 ut
550 1937 714 2022 degeneris
741 1938 837 2002 animi
865 1939 1161 2024 interpretabantur:

131 2039 277 2114 optumos
296 2029 413 2114 quippe
426 2030 603 2094 mortalium
618 2031 771 2095 altissima
783 2054 911 2116 cupere3
931 2033 977 2096 sic
990 2032 1161 2098 Herculem

132 2133 161 2186 et
176 2124 336 2190 Liberum
354 2123 438 2208 apud
456 2121 606 2202 Graecos,
627 2124 795 2207 Quirinum
813 2125 900 2210 apud
915 2147 974 2190 nos
992 2126 1087 2190 deum
1103 2148 1161 2190 nu-

132 2239 216 2282 mero
239 2218 380 2295 additos:
406 2217 518 2283 melius
540 2217 739 2305 Augustum,
767 2219 822 2303 qui
847 2219 1032 2304 speraverit;
1059 2228 1162 2284 cetera

134 2311 326 2397 principibus
345 2311 449 2377 statim
472 2313 604 2377 adesse:-
620 2333 719 2376 unum
739 2312 956 2380 insatiabiliter
977 2313 1160 2400 parandum,

133 2425 316 2492 prosperam
330 2405 379 2470 sui
391 2406 572 2471 memoriam
577 2431 586 2484 3
604 2429 678 2472 nam
692 2415 872 2492 contemptu
885 2407 988 2473 lamae
1005 2408 1162 2474 contemni

135 2499 274 2565 virtutes.

194 2593 243 2659 At
261 2592 398 2659 Seianus
423 2594 520 2660 nimia
541 2595 666 2662 fortuna
688 2619 794 2662 socors
816 2607 848 2662 et
868 2598 1012 2664 muliebri
1033 2599 1211 2682 insuperata

136 2689 279 2772 cupidine
296 2688 452 2764 incensus,
471 2690 661 2773 promissum
678 2692 909 2758 matrimonium
926 2693 1086 2780 flagitante
1103 2692 1162 2756 Li-

136 2780 197 2858 via,
220 2781 381 2865 componit
399 2781 439 2845 ad
458 2780 629 2848 Caesarem
646 2785 820 2850 codicillos:
847 2786 942 2858 moris
961 2787 1076 2871 quippe
1095 2795 1162 2849 tum

137 2884 199 2937 erat
215 2896 408 2958 quamquam
425 2886 624 2961 praesentem
641 2878 756 2963 scripto
769 2879 868 2958 adire:
886 2880 954 2944 eius
972 2881 1043 2943 talis
1061 2879 1164 2943 forma

137 2964 206 3032 fnit:
229 2967 439 3034 benivolentia
460 2971 557 3055 patris
574 2970 716 3058 Augusti
733 2983 766 3036 et
786 2995 861 3037 mox
884 2973 1026 3057 plurimis
1044 2973 1163 3038 Tiberii

136 3061 256 3128 iudiciis
274 3063 320 3128 ita
336 3063 524 3142 insuevisse,
551 3077 586 3129 ut
608 3088 681 3150 spes
707 3074 843 3147 votaque
861 3087 920 3129 sua
936 3087 1000 3129 non
1017 3065 1103 3148 prius
1122 3066 1163 3129 ad

137 3156 208 3223 deos
227 3179 325 3242 quam
342 3159 383 3222 ad
395 3159 571 3244 principum
588 3181 682 3224 aures
700 3158 869 3236 conferret3
887 3179 989 3241 neque
1007 3157 1162 3242 fulgorem

137 3249 290 3316 honorum
301 3273 451 3335 umquam
463 3262 639 3337 precatum:
654 3250 804 3317 excubias
818 3273 856 3316 ac
868 3251 1003 3329 labores,
1017 3261 1051 3316 ut
1065 3271 1163 3314 unum

139 3345 335 3422 militibus,
354 3369 411 3430 pro
428 3347 641 3412 incolumitate
658 3346 854 3431 imperatoris
871 3347 979 3426 malle;
1006 3371 1041 3411 ae
1058 3355 1163 3411 tamen

138 3442 218 3519 quod
239 3440 499 3525 pulcherrimum,
527 3443 689 3527 adeptum,
717 3450 753 3505 ut
775 3441 991 3507 coniunctione
1015 3440 1162 3508 Caesaris

139 3533 249 3622 dignus
268 3535 458 3600 crederetur:
476 3536 550 3601 hinc
566 3537 689 3601 initium
703 3538 784 3622 spei3
802 3547 834 3602 et
851 3539 998 3623 quoniam
1010 3537 1164 3604 audiverit

138 3625 320 3715 Angustum
335 3629 370 3693 in
387 3629 578 3694 conlocanda
594 3630 660 3696 filia
676 3631 818 3698 nonnihil
837 3633 931 3697 etiam
948 3634 988 3697 de
1006 3630 1163 3716 equitibus

139 3719 287 3788 Romanis
306 3723 543 3800 consultavisse‚
562 3724 615 3801 ita,
634 3725 662 3790 si
679 3727 810 3791 maritus
822 3726 936 3790 Liviae
953 3733 1163 3809 quaereretur,

139 3812 265 3881 baberet
284 3817 319 3880 in
340 3817 445 3881 animo
468 3818 604 3882 amicum
622 3819 690 3884 sola
706 3819 946 3884 necessitudinis
968 3815 1069 3902 gloria
1090 3835 1166 3878 usu·

139 3931 218 3988 rum3
245 3911 421 3976 nonenim
447 3933 561 3976 exuere
585 3912 722 3997 inposita
747 3912 869 3976 munia:
896 3910 972 3974 satis
999 3907 1165 3972 aestimare

139 4001 252 4068 firmari
269 4005 399 4068 domum
416 4004 583 4071 adversum
605 4006 728 4089 iniquas
746 4003 942 4088 Agrippinae
963 3999 1163 4078 offensiones,

140 4095 231 4181 idqne
251 4097 422 4163 liberorum
440 4122 549 4176 causa;
571 4123 645 4164 nam
668 4098 729 4162 sibi
751 4097 884 4160 mrrltum
905 4117 1061 4182 superque
1082 4095 1165 4162 vitae

139 4189 204 4256 iore
221 4192 309 4275 quod
326 4191 380 4256 tali
398 4215 470 4258 cum
487 4194 627 4279 principe
644 4191 844 4278 explevisset.
