3020 4964
332 409 397 476 268
685 416 865 474 CORNELII
877 415 1004 472 TAClTl

1242 515 1295 546 nu.
1305 509 1355 548 ⁸14.

332 579 462 646 militiae
479 587 510 644 et
527 599 650 643 mmore
667 575 783 662 populi,
801 575 1026 659 quineminem
1042 574 1109 638 sine
1126 574 1248 639 aemulo
1267 575 1353 652 sinit,

333 673 523 740 Corbulonis
533 680 724 738 concertator
730 670 1104 755 receptaequeArmeuiae
1112 671 1207 734 decus
1216 691 1354 753 aequare

332 767 459 833 domitis
479 764 691 852 perduellibus
712 764 856 850 cupiens3
877 763 972 850 igitur
987 762 1117 828 Monam
1133 763 1282 840 insulam,
1303 764 1353 827 in-

332 861 409 928 colis
426 861 563 926 validam
580 871 612 924 et
627 858 857 943 receptaculum
873 857 1087 944 perfugarum,
1105 857 1234 943 adgredi
1250 867 1351 942 parat,

331 979 492 1041 navesque
513 955 683 1021 fabricatur
703 953 797 1040 plano
814 953 904 1018 alveo
926 954 1075 1018 adversus
1091 952 1186 1018 breve
1203 962 1235 1017 et
1251 953 1352 1018 incer-

331 1064 411 1117 tum:
431 1051 477 1116 sio
492 1051 605 1136 pedes;
623 1049 743 1132 equites
760 1048 842 1114 vado
864 1048 963 1112 secuti
983 1058 1036 1112 aut
1052 1047 1175 1112 altiores
1196 1047 1276 1113 inter
1292 1070 1352 1111 un-

330 1148 387 1211 das
406 1147 557 1210 adnantes
576 1145 664 1228 equis
682 1143 852 1208 demisere.

278 1261 312 1310 30
395 1238 509 1306 Stabat
528 1262 586 1326 pro
607 1238 696 1303 litore
713 1237 838 1302 diversa
854 1236 951 1314 acies,
973 1236 1070 1300 densa
1087 1236 1180 1300 armis
1201 1236 1349 1320 virisque,

328 1334 607 1400 intercursantibus
624 1331 763 1410 feminis3
780 1332 814 1396 in
830 1333 957 1396 modum
968 1331 1132 1395 Furiarum
1144 1341 1232 1395 veste
1249 1331 1350 1408 ferali,

328 1428 466 1494 crinibus
492 1427 620 1493 deiectis
642 1427 728 1491 faces
750 1425 981 1511 praeferebant3
1006 1425 1195 1508 drmdaeqne
1221 1425 1348 1502 circum,

325 1543 450 1606 preces,
473 1522 557 1586 diras
576 1520 706 1586 sublatis
725 1521 765 1584 ad
782 1519 904 1584 caelum
925 1519 1068 1585 manibus
1089 1519 1271 1596 fimdentes,
1293 1542 1350 1584 no-

325 1616 422 1679 vitate
448 1624 594 1699 aspectus
620 1615 779 1700 perculere
805 1614 948 1691 militem,
974 1623 1009 1678 ut
1033 1614 1123 1696 quasi
1148 1613 1349 1678 haerentibus

325 1707 473 1773 membris
491 1707 651 1773 immobile
668 1731 781 1794 corpus
799 1707 979 1772 vulneribus
992 1707 1183 1793 praeberent
1206 1707 1280 1773 dein
1296 1728 1350 1771 co-

324 1800 552 1868 hortationibus
569 1803 659 1869 ducis
678 1813 760 1868 etse
778 1803 840 1887 ipsi
862 1802 1071 1879 stimulantes,
1093 1823 1132 1866 ne
1148 1800 1301 1866 muliebre
1317 1811 1351 1866 et

324 1895 496 1962 fanaticum
514 1919 629 1984 agmen
646 1906 861 1983 pavescerent,
884 1897 1021 1962 inferunt
1038 1896 1128 1982 signa
1145 1905 1350 1980 sternuntque

323 1990 434 2057 obuios
452 2001 484 2058 et
504 1993 571 2079 igni
594 2015 651 2058 suo
672 1993 843 2057 involvunt.
870 1991 1059 2078 praesidium
1080 1991 1210 2076 posthac
1231 1992 1350 2078 inposi-

324 2095 391 2151 tum
403 2087 493 2153 victis
507 2088 665 2171 excisique
678 2087 741 2151 luci
754 2087 857 2152 saevis
871 2087 1139 2172 superstitionibus
1159 2087 1253 2151 sacri:
1274 2110 1349 2151 uam

323 2201 432 2247 cruore
453 2181 578 2267 captivo
601 2181 724 2246 adolere
746 2204 816 2245 aras
840 2189 871 2246 et
892 2180 1052 2246 hominum
1077 2180 1162 2246 fibris
1185 2181 1349 2246 consulere

321 2275 398 2339 deos
412 2276 461 2340 fas
475 2275 641 2340 habebant.
664 2275 742 2345 haec
755 2275 861 2362 agenti
875 2272 1025 2340 Suetonio
1039 2275 1199 2361 repentina
1211 2274 1348 2340 defectio

320 2369 500 2452 provinciae
517 2370 687 2434 nuntiatur.

270 2481 300 2528 ³1
384 2461 456 2527 Rex
463 2463 629 2528 Icenorum
638 2464 845 2552 Prasutagus,
859 2464 954 2552 longa
967 2465 1125 2552 opulentia
1137 2465 1247 2542 clarus,
1263 2462 1348 2530 Cae-

320 2577 421 2618 sarem
439 2554 585 2620 heredem
603 2557 744 2641 duasque
762 2559 842 2624 filias
860 2561 1038 2645 scripserat,
1057 2559 1111 2624 tali
1129 2558 1278 2643 obsequio
1296 2583 1348 2624 ra-

318 2658 369 2712 tus
387 2670 581 2734 regnumque
600 2660 631 2715 et
648 2651 778 2716 domum
797 2675 886 2718 suam
903 2653 1011 2738 procul
1028 2653 1139 2718 iniuria
1156 2653 1232 2718 fore.
1259 2653 1347 2738 quod

317 2750 426 2807 contra
442 2744 543 2821 vertit,
563 2745 642 2810 adeo
660 2755 695 2810 ut
712 2770 844 2834 regnum
862 2771 919 2834 per
936 2749 1139 2827 centuriones,
1158 2749 1270 2814 domus
1288 2770 1348 2835 per

317 2858 425 2902 servos
452 2838 537 2903 velut
564 2849 656 2924 capta
681 2852 890 2907 vastarentur:
922 2843 984 2908 iam
1009 2844 1145 2928 primum
1170 2863 1250 2907 uxor
1275 2843 1346 2908 eius

316 2930 478 2997 Boudicca
495 2933 677 3000 verberibus
696 2936 809 3002 affecta
826 2947 857 3000 et
875 2937 957 3002 filiae
979 2948 1087 3024 stupro
1104 2936 1236 3002 violatae
1255 2947 1345 3015 sunt3

315 3027 475 3112 praecipui
491 3025 608 3113 quique
625 3029 791 3096 Icenorum
809 3031 900 3095 avitis
919 3031 1009 3097 bonis
1031 3041 1200 3110 exuuntur,
1223 3040 1254 3095 et
1271 3053 1347 3116 pro-

312 3120 425 3203 pinqui
437 3122 520 3208 regis
534 3122 614 3187 inter
627 3123 782 3208 mancipia
799 3123 1003 3190 habebantur.
1026 3147 1090 3208 qua
1107 3125 1295 3190 contumelia
1312 3135 1345 3190 et

314 3225 400 3277 metu
417 3216 610 3299 graviorum,
630 3218 755 3300 quando
772 3217 957 3284 informem
975 3220 1153 3305 provinciae
1171 3229 1343 3296 cesserant,

313 3307 438 3388 rapiunt
460 3331 560 3384 arma,
588 3312 751 3376 commotis
774 3311 814 3378 ad
839 3311 1073 3379 rebellationem
1096 3311 1344 3378 Trinobantibus

314 3398 416 3478 etqui
434 3399 485 3462 alii
504 3402 642 3467 nondum
665 3405 792 3470 servitio
809 3406 900 3470 fracti
922 3429 1080 3472 resumere
1096 3407 1271 3472 libertatem
1290 3429 1345 3472 oc-

313 3488 404 3554 cultis
431 3493 695 3562 coniurationibus
722 3499 919 3586 pepigerant,
946 3501 1096 3566 acerrimo
1118 3501 1151 3565 in
1176 3509 1343 3566 veteranos

313 3583 398 3648 odio:
424 3585 541 3671 quippe
563 3587 596 3652 in
622 3590 776 3656 coloniam
800 3592 1052 3658 Camulodunum
1073 3615 1182 3660 recens
1205 3594 1343 3672 deducti,

311 3678 402 3760 quasi
419 3690 563 3746 cunctam
576 3685 737 3770 regionem
750 3688 871 3752 muneri
887 3688 1092 3774 accepissent,
1110 3687 1270 3773 pellebant
1287 3687 1344 3754 do-

310 3770 425 3852 mibus,
445 3775 653 3842 exturbabant
670 3779 765 3865 agris,
784 3781 935 3864 captivos,
955 3803 1062 3847 servos
1077 3782 1275 3867 appellando,
1294 3782 1344 3847 fo-

310 3868 455 3957 ventibus
485 3869 687 3956 inpotentiam
714 3882 931 3941 veteranorum
961 3877 1111 3944 militibus
1138 3875 1342 3942 similitudine

309 3961 392 4026 vitae
406 3971 437 4026 et
455 3985 511 4049 spe
530 3965 669 4032 eiusdem
687 3964 840 4033 licentiae.
864 3971 904 4034 ad
917 3969 978 4036 hoc
991 3971 1142 4056 templum
1155 3970 1230 4035 divo
1245 3968 1343 4034 Clau-

309 4055 361 4119 dio
384 4058 699 4144 constitutum-quasi
721 4085 777 4128 arx
799 4072 943 4130 aeternae
965 4063 1185 4130 dominationis
1207 4064 1343 4148 aspicie-

309 4145 410 4225 batur,
429 4150 603 4236 delectique
622 4157 800 4224 sacerdotes
819 4159 923 4245 specie
940 4159 1100 4246 religionis
1118 4158 1222 4224 omnis
1240 4159 1344 4224 fortu-
