3042 4956
341 435 406 504 244
689 435 1020 498 connumeramur

1260 540 1280 570 a.
1291 541 1315 571 n.
1325 532 1375 574 sn.

338 607 447 683 nibus3
465 624 538 690 pars
556 601 590 665 in
602 598 762 685 planitiem
774 597 993 683 porrigebatur
1006 596 1047 660 ad
1066 595 1268 682 explicandas
1283 600 1376 682 cqui-

338 711 407 765 tum
428 709 557 762 turmas.
583 695 696 778 dieque
718 702 810 778 pacto
832 691 917 776 prior
936 689 1076 756 Corbulo
1098 692 1201 756 socias
1224 693 1374 758 cohortes

339 805 371 859 et
393 792 509 858 auxilia
534 812 645 876 regum
665 810 722 873 pro
745 785 906 864 cornibus,
932 785 1036 850 medio
1063 795 1186 851 sextam
1210 787 1375 874 legionem

339 887 512 962 constituit,
532 885 583 948 cui
600 882 700 948 accita
716 903 772 966 per
789 889 912 945 noctem
931 879 1000 944 aliis
1019 901 1060 942 ex
1078 880 1187 944 castris
1206 881 1266 945 tria
1283 882 1376 946 milia

340 981 540 1046 tertianorum
562 976 800 1063 permiscucrat,
823 995 979 1038 unacum
1002 972 1121 1056 aquila,
1145 975 1236 1057 quasi
1258 975 1375 1040 eadem

339 1077 422 1163 legio
444 1081 644 1160 spectaretur.
673 1070 828 1134 Tiridates
855 1077 1003 1154 vergente
1025 1067 1089 1131 iam
1111 1067 1161 1132 die
1183 1069 1292 1154 procul
1316 1070 1375 1133 ad-

340 1171 426 1245 stitit,
445 1169 529 1233 undc
542 1165 641 1230 videri
658 1163 759 1250 magis
777 1185 872 1246 quam
890 1161 989 1226 audiri
1008 1171 1129 1246 posset:
1147 1162 1191 1226 ita
1210 1163 1277 1227 sine
1296 1186 1375 1228 con·

338 1287 452 1354 gressu
473 1263 538 1326 dux
556 1261 717 1324 Romanus
740 1255 907 1322 abscedere
929 1255 1060 1319 militem
1083 1277 1141 1320 sua
1162 1278 1322 1341 quemque
1339 1258 1374 1322 in

339 1369 442 1424 castra
459 1356 556 1422 iubet.

289 1472 321 1520 39
403 1453 473 1516 Rex
492 1451 557 1516 sive
570 1449 712 1513 fraudem
727 1456 921 1533 suspectans,
940 1447 1014 1530 quia
1031 1446 1121 1532 plura
1139 1447 1231 1511 simul
1251 1447 1284 1511 in
1302 1447 1374 1513 loca

338 1545 453 1620 ibatur,
478 1544 544 1608 sivo
567 1554 602 1607 ut
624 1553 816 1607 commeatus
839 1551 963 1606 nostros
986 1540 1117 1606 Pontico
1139 1541 1218 1605 mari
1242 1552 1273 1607 et
1291 1540 1374 1606 Tra-

337 1648 472 1724 pezunte
490 1637 606 1722 oppido
624 1638 828 1701 adventantes
846 1636 1052 1721 interciperet,
1071 1657 1202 1722 propere
1220 1636 1373 1715 discedit3

339 1732 395 1797 sed
412 1753 513 1815 neque
532 1729 758 1795 commeatibus
776 1730 841 1794 vim
859 1728 963 1794 facere
980 1730 1095 1814 potuit,
1115 1731 1189 1814 quia
1206 1753 1264 1815 per
1281 1754 1373 1795 mon-

338 1837 385 1892 tes
404 1825 598 1891 ducebantur
614 1823 777 1910 praesidiis
795 1823 910 1888 nostris
929 1823 1082 1902 insessos,
1106 1834 1137 1888 et
1156 1823 1312 1903 Corbulo,
1332 1848 1373 1890 ne

338 1921 459 1986 irritum
481 1919 598 1984 bellum
617 1917 790 1983 traheretur
810 1926 907 2001 utque
925 1915 1094 1982 Armenios
1117 1919 1158 1982 ad
1181 1941 1239 1982 sua
1261 1919 1374 1984 defen-¹

339 2015 442 2082 denda
460 2023 594 2102 cogeret,
614 2012 779 2078 excindere
795 2021 887 2097 parat
904 2012 1041 2090 castella,
1061 2011 1182 2095 sibique
1211 2013 1298 2095 quod
1317 2035 1375 2078 va-

339 2109 529 2174 lidissimum
545 2108 579 2172 in
597 2130 635 2173 ea
651 2107 862 2193 praefectura,
886 2116 1094 2192 cognomento
1112 2104 1307 2184 Volandum,
1320 2129 1374 2171 su-

339 2204 411 2282 mit3
438 2204 557 2268 minora
580 2200 726 2268 Cornelio
747 2201 862 2266 Flacco
884 2200 989 2286 legato
1016 2211 1047 2266 et
1068 2201 1186 2265 Insteio
1211 2199 1372 2286 Capitoni,

340 2307 512 2362 castrorum
539 2296 712 2383 praefecto,
739 2296 874 2360 mandat.
911 2305 978 2358 tum
1005 2295 1239 2381 circumspectis
1268 2297 1374 2360 muni-

339 2392 462 2468 mentis,
482 2399 513 2455 et
529 2412 611 2472 quae
629 2389 852 2476 expugnationi
868 2389 981 2454 idonea
994 2390 1138 2474 provisis,
1158 2389 1301 2454 hortatur
1314 2390 1374 2455 mi·

339 2485 408 2550 lites
431 2495 466 2547 ut
488 2483 610 2548 hostem
632 2505 749 2568 vagum
774 2505 875 2566 neque
898 2484 969 2569 paci
991 2494 1044 2548 aut
1070 2483 1188 2569 proelio
1214 2491 1372 2568 paratum,

339 2578 396 2644 sed
417 2577 579 2663 perfidiam
598 2586 629 2639 et
651 2577 809 2662 ignaviam
831 2578 910 2665 fuga
932 2578 1130 2642 confitentem
1152 2588 1304 2643 exuerent
1323 2601 1374 2642 se-

338 2670 430 2736 dibus
448 2670 627 2756 gloriaeque
644 2670 760 2754 pariter
777 2682 808 2735 et
825 2674 960 2757 praedae
978 2673 1184 2738 consulerent.
1208 2684 1275 2736 tum
1294 2695 1373 2756 qua-

338 2765 498 2850 dripertito
513 2765 651 2830 exercitu
660 2764 717 2830 hos
731 2764 764 2828 in
774 2767 961 2832 testudinem
976 2766 1179 2853 conglobatos
1189 2767 1372 2832 subruendo

338 2859 421 2924 vallo
439 2859 566 2938 inducit,
586 2859 663 2925 alios
682 2859 783 2924 scalas
796 2860 960 2925 moenibus
979 2862 1154 2939 admovere,
1174 2861 1289 2926 multos
1309 2877 1373 2926 tor-

339 2954 452 3019 mentis
471 2953 556 3020 faces
576 2965 606 3020 et
623 2955 730 3020 hastas
748 2954 886 3020 incutere
904 2955 1005 3034 iubet;
1023 2955 1214 3020 libritoribus
1232 2955 1373 3020 fundito-

338 3050 488 3134 ribusque
506 3049 672 3116 attributus
690 3050 778 3116 locus
798 3051 879 3115 unde
894 3050 1016 3116 eminus
1035 3050 1166 3136 glandes
1181 3059 1371 3133 torquerent,

339 3168 379 3210 ne
401 3167 464 3228 qua
483 3167 556 3230 pars
580 3145 756 3224 subsidium
780 3143 993 3210 laborantibus
1022 3145 1117 3209 ferret
1138 3143 1205 3230 pari
1232 3144 1372 3227 undique

339 3252 430 3307 metu.
464 3249 569 3303 tantus
592 3240 667 3304 inde
687 3240 780 3304 ardor
801 3239 947 3304 certantis
971 3240 1126 3304 exercitus
1151 3237 1209 3302 fuit
1233 3247 1267 3302 ut
1289 3237 1373 3301 intra

339 3333 461 3394 tertiam
485 3332 547 3394 diei
564 3343 685 3416 partem
707 3334 816 3398 nudati
837 3333 1122 3420 propugnatoribus
1144 3332 1239 3409 muri,
1262 3331 1371 3396 obices

338 3431 497 3504 portarum
524 3424 680 3501 subversi,
709 3436 801 3511 capta
823 3449 956 3492 escensu
978 3427 1171 3492 munimenta
1197 3447 1372 3508 omnesque

338 3512 472 3597 puberes
495 3516 640 3580 trucidati
659 3518 733 3594 sint,
757 3519 843 3584 nullo
860 3521 959 3586 milite
982 3521 1112 3598 amisso,
1135 3519 1244 3606 paucis
1262 3519 1373 3584 admo-

339 3607 415 3672 dum
432 3607 615 3686 vulneratis;
635 3619 666 3674 et
680 3610 793 3676 inbelle
808 3613 923 3698 vulgus
939 3615 998 3680 sub
1017 3637 1131 3680 corona
1144 3613 1370 3689 venundatum,

338 3702 458 3786 reliqua
478 3703 596 3788 praeda
616 3703 787 3771 victoribus
811 3707 915 3772 cessit.
947 3709 1015 3795 pari
1037 3709 1163 3774 fortuna
1183 3706 1309 3792 legatus
1333 3727 1371 3770 ac

338 3798 515 3885 praefectus
534 3798 583 3863 usi
602 3807 689 3878 sunt;
712 3799 872 3884 tribusque
895 3825 959 3867 una
976 3804 1026 3868 die
1049 3803 1184 3867 castellis
1208 3823 1372 3886 expugna-

339 3894 379 3960 tis
402 3904 507 3960 cetera
528 3904 644 3960 terrore
666 3903 697 3960 et
719 3894 780 3960 alia
802 3905 912 3980 sponte
935 3896 1107 3961 incolarum
1125 3897 1158 3960 in
1180 3895 1370 3960 deditionem

338 3987 514 4054 veniebant.
537 3990 621 4055 unde
639 3997 707 4054 orta
724 3989 839 4056 fiducia
857 4000 951 4076 caput
964 3991 1068 4076 gentis
1084 3989 1239 4054 Artaxata
1256 4011 1371 4074 aggre-

338 4081 459 4161 diendi;
481 4105 540 4146 nec
561 4093 667 4148 tamen
687 4085 830 4169 proximo
848 4085 957 4149 itinere
976 4084 1089 4148 ductae
1107 4083 1264 4170 legiones,
1286 4103 1370 4165 quae

339 4174 366 4236 si
388 4197 512 4240 amnem
534 4174 677 4255 Araxen,
704 4179 757 4261 qui
781 4180 903 4244 moenia
924 4178 1026 4256 alluit,
1053 4186 1148 4262 ponte
1170 4176 1372 4264 transgmdc·
