2958 4960
213 519 221 540 ,
341 447 383 514 62
688 451 872 508 ooaunnu
885 451 1020 508 rnorrr

1260 557 1280 587 ι.
1291 559 1315 588 n.
1326 551 1377 592 770.

340 627 407 682 tum
425 623 456 678 ct
470 610 619 680 Cassium
633 619 759 676 secutus
772 631 923 676 concesso
935 610 1038 675 reditu
1049 611 1199 697 petitione
1213 612 1378 682 honorum

339 708 498 786 abstinuit,
516 707 617 772 donec
629 704 711 770 ultro
729 703 900 769 ambiretur
916 704 1053 770 delatum
1071 705 1111 772 ab
1124 705 1278 794 Augusto
1296 732 1377 776 con-

339 804 477 870 sulatum
507 801 661 886 accipere;
693 799 750 865 sed
781 809 904 884 praeter
932 809 1079 884 paternos
1106 801 1234 887 spiritus
1261 806 1376 872 uxoris

339 919 463 985 quoque
484 895 655 961 Plancinae
676 893 837 958 nobilitate
860 902 891 958 et
913 893 1025 980 opibus
1047 896 1294 963 accendebatur:
1317 900 1377 964 vix

340 993 466 1059 Tiberio
481 991 660 1067 concedere,
674 988 789 1055 liberos
803 987 870 1053 eius
885 997 921 1060 ut
929 989 1062 1054 multum
1074 990 1157 1056 infra
1169 991 1359 1078 despectare
1364 1018 1375 1071 ;

338 1109 397 1154 nec
415 1086 549 1152 dubium
569 1083 706 1150 habebat
728 1104 762 1147 se
785 1081 954 1161 delectum,
981 1084 1036 1168 qui
1058 1083 1170 1170 Syriae
1191 1086 1375 1172 imponere-

339 1191 398 1259 tur,
417 1182 458 1246 ad
476 1201 549 1266 spes
563 1176 744 1245 Germanici
758 1177 956 1242 coercendas.
980 1177 1138 1243 credidere
1151 1180 1283 1263 quidam
1296 1181 1375 1246 data

339 1284 370 1340 et
392 1299 411 1340 a
429 1273 555 1340 Tiberio
578 1271 701 1338 occulta
723 1271 885 1348 mandata,
910 1277 941 1334 et
957 1269 1142 1338 Plancinam
1163 1273 1251 1337 haud
1274 1273 1375 1339 dubie

337 1368 487 1456 Augusta
517 1366 638 1432 monuit
668 1364 874 1430 aemulatione
905 1364 1049 1431 muliebri
1078 1365 1294 1453 Agrippinam
1323 1368 1373 1434 in.

339 1461 487 1527 sectandi.
523 1460 624 1526 divisa
649 1480 784 1542 namque
811 1467 842 1523 et
868 1458 987 1523 discors
1014 1459 1087 1524 aula
1112 1470 1178 1524 erat
1203 1461 1311 1526 tacitis
1337 1462 1371 1526 in

338 1555 481 1620 Drusum
504 1563 558 1619 aut
581 1551 806 1619 Germanicum
829 1553 954 1618 studiis:
982 1552 1127 1619 Tiberius
1149 1563 1185 1618 ut
1205 1556 1370 1642 proprium

338 1657 370 1714 et
395 1649 444 1714 sui
471 1647 632 1734 sanguinis
658 1646 802 1712 Drusum
828 1647 970 1726 fovebat3
1003 1644 1190 1713 Gennanico
1222 1649 1371 1716 alienatio

336 1742 440 1830 patrui
462 1763 600 1808 amorem
623 1741 708 1827 apud
730 1750 850 1807 eeteros
873 1752 1015 1820 auxerat,
1039 1751 1070 1806 et
1087 1742 1161 1825 quia
1182 1741 1371 1808 claritudine

337 1837 469 1902 materni
486 1836 609 1923 generis
628 1835 775 1913 anteibat,
795 1857 890 1902 avum
907 1835 954 1901 M.
972 1834 1157 1913 Antonium,
1176 1837 1371 1902 avunculum

337 1931 523 2018 Augustum
540 1931 658 1997 ferens:
683 1938 790 1995 contra
806 1929 915 1995 Druso
933 1952 1069 2015 proavus
1088 1928 1184 2014 eq'ues
1201 1929 1371 1995 Romanus

302 2043 306 2070 ¹
336 2025 532 2112 Pomponius
554 2024 681 2090 Attious
704 2023 853 2090 dedecere
878 2023 1083 2090 Claudiorum
1103 2023 1259 2110 imagines
1282 2025 1371 2089 vide-

337 2121 443 2200 batur;
471 2130 503 2186 et
528 2120 666 2185 coniunx
693 2116 873 2184 Germanici
899 2117 1078 2204 Agrippina
1102 2117 1297 2184 fecunditate
1332 2141 1371 2184 ac

337 2215 424 2280 sama
448 2215 590 2291 Liviam,
617 2236 747 2279 uxorem
773 2213 887 2290 Drusi,
919 2211 1139 2299 praecellebat:
1171 2213 1228 2277 sed
1253 2211 1370 2278 frenes

338 2309 465 2394 egregie
483 2308 653 2372 concordes
672 2317 703 2372 et
716 2307 930 2391 proximorum
943 2305 1163 2372 certaminibus
1176 2306 1369 2372 inconcussi.

286 2423 320 2470 44
401 2401 468 2465 Nec
489 2400 588 2465 multo
614 2409 687 2485 post
707 2399 834 2464 Drusus
862 2400 894 2464 iu
915 2400 1077 2485 Illyricum
1102 2400 1219 2465 missus
1242 2409 1305 2478 est,
1332 2411 1370 2464 ut

338 2501 496 2559 suesceret
517 2493 645 2558 militiae
673 2494 838 2577 studiaque
861 2495 1015 2560 exereitus
1038 2503 1175 2579 pararet3
1203 2493 1298 2558 simul
1318 2494 1370 2558 iu-

336 2609 449 2651 venem
470 2585 590 2650 urbano
612 2586 690 2650 luxu
710 2586 925 2654 lascivientem
947 2588 1059 2654 melius
1077 2588 1110 2652 in
1128 2587 1238 2653 eastris
1257 2586 1370 2652 haberi

337 2679 482 2746 Tiberius
502 2701 598 2762 seque
616 2680 761 2745 tutiorem
778 2681 905 2746 rebatur
921 2691 1053 2765 utroque
1070 2681 1135 2746 filio
1152 2681 1292 2767 legiones
1311 2679 1368 2746 ob

337 2774 464 2838 tinente.
500 2774 556 2838 sed
589 2771 690 2840 Suebi
718 2775 1001 2859 praetendebantur
1031 2776 1181 2841 auxilium
1213 2775 1367 2840 adversus

338 2867 516 2934 Cheruscos
544 2876 683 2946 orantes3
710 2891 784 2934 nam
806 2868 948 2934 discessu
970 2869 1185 2935 Romanorum
1210 2890 1247 2933 ac
1272 2868 1367 2934 vacui

338 2972 465 3030 externo
483 2971 569 3028 metu
586 2962 689 3049 gentis
712 2963 919 3028 adsuetudine
937 2971 968 3028 et
985 2972 1053 3028 tum
1070 2962 1276 3028 aemulatione
1295 2961 1366 3048 glo-

336 3059 400 3124 riae
418 3081 505 3124 arma
521 3057 554 3122 in
573 3079 607 3123 se
625 3067 789 3124 verterant.
816 3058 864 3122 vis
882 3058 1058 3135 nationum,
1080 3057 1179 3122 virtus
1197 3057 1315 3122 ducum
1331 3057 1364 3122 in

337 3175 452 3238 aequo;
476 3153 533 3219 sed
549 3151 783 3218 Maroboduum
804 3152 887 3238 regis
909 3174 1024 3217 nomen
1041 3151 1178 3217 invisum
1200 3149 1285 3236 apud
1306 3173 1366 3236 po-

336 3249 476 3333 pulares,
494 3246 673 3312 Arminium
690 3267 747 3332 pro
765 3247 907 3312 libertate
925 3246 1092 3312 bellantem
1109 3245 1200 3310 favor
1216 3245 1364 3311 habebat.

285 3364 318 3409 45
401 3342 504 3426 Igitur
524 3363 588 3405 non
606 3339 700 3406 modo
719 3339 873 3406 Cherusci
891 3341 1028 3425 sociique
1047 3353 1168 3418 eorum,
1192 3350 1282 3405 vetus
1300 3337 1366 3404 Ar-

336 3433 423 3497 minii
441 3433 545 3509 miles,
569 3455 731 3518 sumpsere
754 3434 886 3510 bellum,
910 3435 967 3500 sed
985 3457 1002 3499 e
1023 3456 1121 3522 regno
1144 3434 1238 3499 etiam
1255 3431 1366 3498 Maro-

335 3526 432 3592 bodui
451 3523 578 3592 Suebae
592 3536 717 3612 gentes,
738 3524 914 3592 Semnones
933 3551 970 3594 ac
987 3526 1202 3618 Langobardi,
1221 3525 1365 3592 defecere

336 3621 377 3686 ad
393 3643 480 3699 eum3
499 3619 614 3703 quibus
632 3621 747 3685 additis
764 3621 988 3707 praepollebat,
1006 3623 1040 3687 ni
1052 3623 1273 3709 Inguiomerus
1291 3643 1365 3686 cum

335 3737 432 3780 manu
454 3713 613 3780 clientium
635 3713 676 3779 ad
696 3713 931 3782 Maroboduum
952 3717 1157 3803 perfugisset,
1184 3738 1248 3780 non
1270 3714 1363 3780 aliam

336 3811 377 3878 ob
399 3833 527 3876 oausam
549 3830 644 3893 quam
666 3809 740 3893 quia
760 3809 865 3875 fratris
887 3810 952 3876 filio
977 3810 1083 3876 iuveni
1108 3819 1238 3895 patruus
1266 3830 1366 3874 senex

335 3927 445 3993 parere
467 3903 704 3991 dedignabatur.
729 3903 906 3990 diriguntur
926 3904 1010 3969 acies
1032 3903 1101 3988 pari
1120 3903 1277 3986 utrimque
1296 3923 1363 3988 spe,

335 4021 407 4076 nco,
435 4008 469 4064 ut
490 3999 565 4064 olim
587 3999 672 4084 apud
694 3995 883 4075 Germanos,
911 3998 1001 4084 vagis
1023 3996 1200 4063 incursibus
1223 4004 1278 4060 aut
1299 3995 1365 4060 dis-

335 4093 432 4158 iectas
458 4115 515 4178 per
540 4104 695 4160 catervas:
722 4093 838 4179 quippe
863 4093 959 4178 longa
985 4091 1151 4156 adversum
1173 4111 1230 4155 nos
1252 4087 1364 4154 militia

335 4185 534 4251 insueverant
556 4187 645 4271 sequi
667 4188 771 4274 signa,
796 4187 944 4254 subsidiis
966 4185 1096 4264 firmari,
1124 4184 1207 4250 dicta
1228 4183 1363 4268 impera-
