2960 4962
424 450 634 508 ANNALIUM
651 449 724 505 LIB.
737 452 787 507 IV.
805 454 890 507 2-5,
1106 444 1168 507 117

126 547 238 698 high?
238 574 323 689 illa,
351 611 402 676 cui
425 608 600 673 aumctdus
622 607 805 694 Augmtus,
832 611 1103 688 socer-liberius,
1126 635 1167 676 ex

126 709 238 772 Druso
252 705 360 781 liberi,
379 724 477 786 seque
490 724 528 766 ac
541 702 674 766 maiores
688 713 720 766 et
731 712 874 787 posteros
888 706 1067 790 municipali
1078 707 1168 770 adul.

126 813 191 866 tero
218 798 393 874 foedabat,
421 805 457 860 ut
477 817 535 880 pro
557 795 695 860 honestis
717 807 750 860 et
770 797 987 882 praesentibus
1013 799 1168 884 Ηεξὶῒὶοω

126 906 155 960 ct
171 895 305 959 incerta
322 899 529 975 exspectaret.
553 889 686 976 sumitur
702 890 736 952 in
753 892 974 956 conscientiam
992 891 1166 970 Eudemus,

126 989 251 1053 amicus
272 1009 313 1051 ac
330 984 472 1048 medicus
489 983 617 1058 Liviae,
640 983 745 1068 specie
761 985 837 1049 artis
859 984 1006 1068 frequens
1025 987 1167 1062 secretim

127 1081 215 1166 pellit
238 1080 340 1145 domo
360 1075 496 1144 Seianus
519 1098 649 1141 uxorem
665 1075 849 1161 Apicatam,
871 1100 912 1142 ex
929 1100 993 1163 qua
1009 1089 1073 1144 tres
1090 1079 1168 1144 libe-

126 1197 177 1238 ros
197 1181 374 1260 genuerat,
392 1191 433 1234 ne
450 1169 563 1255 paelici
581 1179 821 1254 suspectaretur.
844 1172 902 1236 sed
918 1173 1102 1258 magnitulo
1119 1173 1166 1237 fa-

128 1269 246 1332 cinoris
267 1276 403 1342 metum,
422 1263 626 1350 prolationes,
650 1264 775 1329 diversa
792 1265 949 1330 interdum
966 1267 1095 1331 consilia
1112 1268 1167 1332 ad-

129 1362 265 1426 ferebat.

192 1455 331 1520 Interim
358 1457 432 1518 anni
457 1453 609 1539 principio
635 1453 763 1520 Drusus
789 1478 829 1519 ex
851 1453 1033 1521 Germanici
1058 1455 1164 1520 liberis
1184 1477 1199 1522 a

130 1559 238 1635 togam
259 1549 383 1613 virilem
401 1549 545 1633 sumpsit,
573 1569 717 1632 quaeque
733 1549 822 1613 fiatri
839 1551 906 1616 eius
923 1551 1041 1615 Neroni
1058 1552 1166 1614 decre·

131 1655 219 1709 verat
242 1653 389 1720 senatus,
411 1643 552 1728 repetita.
581 1643 701 1707 addidit
721 1647 892 1710 orationem
910 1645 1043 1724 Caesar,
1065 1646 1166 1710 multa

132 1759 201 1802 cum
220 1738 318 1803 laude
336 1737 392 1801 filii
415 1738 477 1814 sui,
500 1737 586 1821 quod
601 1738 704 1822 patria
724 1737 934 1804 benivolentia
953 1741 987 1804 in
1004 1741 1109 1804 fratris
1126 1740 1164 1804 li-

132 1830 224 1896 beros
248 1833 347 1906 soret:
369 1854 444 1895 nam
460 1830 604 1907 Drusus,
626 1853 817 1916 quamquam
834 1835 966 1898 arduum
989 1834 1030 1898 sit
1051 1834 1164 1898 eodem

133 1923 192 1990 loci
208 1925 386 2010 potentiam
403 1934 435 1990 et
452 1925 650 1989 concordiam
668 1947 755 2003 esse,
773 1949 893 2010 aequus
910 1925 1164 1990 adulescentibus

134 2031 185 2082 aut
203 2031 290 2084 certe
308 2042 373 2083 non
390 2019 542 2082 adversus
559 2018 744 2084 habebattu.

195 2113 284 2178 Exin
296 2121 390 2178 vetus
404 2122 436 2176 et
453 2135 547 2197 saepe
561 2113 743 2178 simulatum
754 2113 972 2198 proficiscendi
989 2113 1022 2176 in
1039 2112 1165 2198 provin·

136 2207 197 2272 cias
221 2208 389 2273 consilium
410 2206 557 2284 refertum
583 2208 816 2272 multitudinem
837 2217 1054 2274 veteranorum
1075 2229 1164 2293 prae-

138 2300 260 2366 texebat
271 2301 443 2386 imperabor
458 2311 490 2365 et
507 2300 672 2366 dilectibus
691 2301 883 2387 supplendos
902 2302 1071 2367 exercitus:
1089 2325 1163 2366 nam

137 2394 344 2460 voluntarium
363 2395 493 2458 militem
511 2396 636 2473 deesse,
655 2397 738 2461 acsi
756 2397 948 2482 suppeditet,
971 2419 1036 2462 non
1052 2395 1164 2461 eadem

139 2487 247 2554 virtute
265 2511 303 2554 ac
322 2488 476 2554 modestia
492 2511 596 2575 agere,
615 2490 690 2572 quia
704 2491 891 2575 plerumque
908 2491 1016 2576 inopes
1034 2513 1072 2556 ac
1089 2491 1163 2576 vagi

139 2593 245 2664 sponte
267 2582 411 2646 militiam
433 2594 572 2647 sumant:
598 2585 838 2669 percensuitque
860 2585 977 2650 cursim
998 2607 1162 2650 numerum

137 2672 293 2760 legionum
311 2686 343 2740 et
360 2698 438 2759 quas
456 2677 632 2763 provincias
646 2687 829 2755 tutarenuu,
846 2680 932 2762 quod
944 2679 1022 2744 mihi
1038 2701 1162 2762 quoque

139 2771 353 2853 exequendum
370 2792 453 2848 reor,
473 2793 553 2855 quae
571 2781 645 2836 tnnc
662 2772 807 2837 Romana
823 2773 915 2858 copia
931 2773 964 2836 in
981 2772 1090 2848 armis,
1108 2772 1163 2854 qui

141 2864 211 2927 socii
226 2887 334 2950 reges,
353 2875 470 2947 quanto
488 2865 530 2930 sit
546 2867 710 2950 angnntius
727 2867 949 2950 imperitatum.

197 2957 324 3022 Italiam
340 2968 472 3041 utroque
489 2960 568 3023 masi
586 2960 667 3024 duae
689 2960 822 3036 classes,
846 2959 1008 3023 Misenum
1030 2958 1115 3041 apud
1132 2967 1163 3020 et
1181 2979 1197 3023 a

140 3047 328 3129 Ravennam,
342 3053 580 3136 proximumque
590 3051 713 3119 Galliae
725 3053 799 3117 litus
809 3061 960 3118 rostratae
968 3073 1065 3114 naves
1074 3072 1164 3135 prae-

140 3143 288 3223 sidebant,
313 3168 392 3229 quas
409 3145 543 3212 Actiaca
564 3148 695 3212 victoria
712 3156 820 3230 captas
837 3144 1006 3230 Augustus
1024 3144 1057 3207 in
1074 3144 1164 3228 oppi-

140 3236 209 3302 dum
226 3240 444 3306 Foroiuliense
461 3242 589 3306 miserat
605 3242 711 3306 valido
729 3263 801 3306 cum
818 3239 948 3324 remige.
971 3238 1028 3303 sed
1044 3237 1164 3322 praeci·

140 3351 231 3413 puum
248 3333 346 3398 robur
362 3333 509 3399 Rhenum
526 3336 628 3412 iuxta,
652 3356 818 3399 commune
839 3333 872 3397 in
891 3330 1068 3399 Germanos
1086 3329 1163 3400 Gal·

139 3423 242 3511 losqne
265 3426 455 3506 subsidium,
479 3439 551 3494 octo
571 3429 711 3515 legiones
734 3438 835 3506 erant3
857 3427 1032 3515 Hispaniae
1052 3451 1162 3495 recens

140 3521 325 3600 perdomitae
343 3520 441 3586 tribus
459 3519 668 3601 habebantur;
685 3523 816 3588 Mauros
830 3522 911 3588 Iuba
928 3547 983 3588 rex
1000 3533 1163 3609 acceperat

139 3612 250 3679 donum
267 3615 378 3700 populi
393 3616 543 3682 Romani:
567 3627 670 3683 cetera
686 3616 818 3682 Africae
839 3640 896 3702 per
912 3618 992 3683 duas
1009 3619 1160 3704 legiones,

139 3709 262 3792 parique
280 3729 411 3774 numero
427 3708 611 3795 Aegyptus,
635 3711 748 3776 dehinc
765 3711 854 3776 initio
872 3711 912 3776 ab
932 3709 1043 3794 Syriae
1061 3731 1162 3791 usque

139 3800 174 3864 ad
189 3801 309 3865 flumen
321 3801 516 3887 Euphraten,
535 3814 687 3887 quantum
700 3805 820 3891 ingenti
838 3813 990 3868 terramm
1008 3802 1079 3866 sinu
1095 3823 1162 3864 am-

140 3890 229 3972 bitur,
253 3906 403 3980 quattuor
423 3897 599 3982 legionibus
618 3899 766 3974 coercita,
789 3896 904 3960 accolis
922 3894 1045 3958 Hibero
1061 3892 1162 3957 Alba-

138 4009 235 4073 noque
253 3998 287 4054 et
304 3989 373 4054 aliis
390 3991 532 4076 regibus,
556 3993 610 4076 qui
627 3989 843 4076 magnitudine
865 3996 973 4052 nostra
993 3995 1162 4072 protegim-

138 4089 180 4148 tur
192 4085 366 4149 adversum
378 4095 506 4151 externa
518 4087 663 4172 imperim
678 4095 709 4148 et
722 4082 908 4146 Thraeciam
921 4081 1160 4148 Rhoemetalces

138 4195 168 4242 ac
184 4177 277 4244 liberi
292 4177 414 4265 Cotyis,
433 4180 595 4264 ripamque
607 4177 750 4244 Danuvii
762 4175 921 4262 legionum
934 4176 1015 4242 duae
1032 4176 1065 4242 in
1076 4175 1161 4242 Pan·
