2958 4960
307 465 310 474 .
340 416 382 482 48
689 425 874 485 CORNELII
883 426 1011 485 TACITI

1256 527 1313 560 un.
1326 521 1380 561 769.

341 586 496 664 tramittit3
521 583 686 670 praefuere
705 582 874 650 Stertinius
897 596 928 651 et
945 607 963 651 e
979 607 1108 650 numero
1125 586 1380 672 primipilarium

340 682 506 756 Aemilius,
525 678 713 745 distantibus
730 678 808 744 locis
825 678 954 758 invecti,
972 689 1008 745 ut
1024 680 1149 745 hostem
1166 680 1379 758 diducerent;

340 799 404 860 qua
420 774 599 840 celerrimus
617 774 728 850 amnis,
748 772 971 851 Chariovalda,
990 775 1056 838 dux
1072 773 1276 851 Batavorum,
1295 798 1380 840 eru-

340 872 395 955 pit.
418 891 490 935 eum
510 867 663 934 Cherusci
679 867 789 954 fugam
807 867 988 932 simulantes
1006 868 1039 932 in
1055 867 1216 952 planitiem
1232 869 1377 935 saltibus

341 964 571 1030 circumiectam
597 971 732 1039 traxere3
758 961 831 1026 dein
857 961 955 1027 coorti
976 971 1006 1027 et
1024 961 1166 1045 'undique
1185 962 1280 1027 effusi
1302 973 1378 1028 tru-

268 1095 272 1110 ·
341 1059 420 1124 dunt
440 1058 603 1134 adversos,
629 1056 746 1121 instant
769 1056 951 1122 cedentibus
974 1057 1183 1140 collectosque
1206 1056 1238 1120 in
1256 1057 1377 1122 orbem

340 1175 413 1237 pars
436 1151 611 1237 congressi,
637 1150 766 1234 quidam
783 1149 904 1215 eminus
927 1149 1119 1236 proturbant.
1152 1148 1376 1216 Chariovalda

341 1247 396 1310 diu
413 1253 587 1310 sustentata
603 1244 741 1310 hostium
759 1244 897 1321 saevitia,
917 1243 1057 1309 hortatus
1077 1265 1150 1308 snos
1169 1253 1204 1308 ut
1216 1244 1376 1330 ingruen-

340 1454 448 1510 ruens,
475 1432 633 1518 congestis
655 1432 725 1496 telis
752 1442 784 1496 et
806 1431 942 1498 suffosso
964 1453 1045 1515 equo
1063 1431 1191 1509 labitur,
1214 1452 1252 1496 ac
1275 1432 1373 1496 multi

340 1525 491 1590 nobilium
509 1527 604 1591 circa:
627 1534 747 1590 ceteros
765 1527 813 1590 vis
833 1548 891 1591 sus.
908 1535 962 1590 aut
984 1525 1104 1609 equites
1123 1547 1195 1590 cum
1214 1523 1372 1590 Stertinio

339 1617 539 1702 Aemilioque
558 1618 778 1685 subvenientes
796 1619 935 1704 periculo
953 1641 1106 1684 exemere.

172 1799 175 1808 1
291 1732 322 1779 12
405 1711 524 1778 Caesar
542 1723 756 1800 transgressus
769 1714 933 1802 Visurgim
949 1714 1064 1779 indicio
1082 1713 1233 1800 perfugae
1247 1734 1372 1801 cogno-

341 1806 400 1872 scit
426 1807 580 1872 delectum
607 1808 647 1874 ab
664 1807 809 1874 Arminio
835 1805 938 1873 locum
960 1830 1100 1894 pugnae3
1127 1807 1313 1874 convenisse
1335 1823 1371 1870 et

341 1901 418 1967 alias
430 1902 573 1968 nationes
587 1903 620 1967 in
634 1903 746 1967 silvam
754 1902 887 1968 Herculi
896 1925 1018 1968 sacram
1031 1923 1226 1986 ausurosque
1239 1911 1371 1967 noctur-

340 2020 414 2062 nam
427 2006 599 2063 castrorum
613 1997 887 2084 oppugnationem.
910 1996 1018 2062 habita
1033 1996 1129 2061 indici
1142 1996 1230 2072 fides,
1250 2005 1283 2060 et
1301 2017 1370 2060 cer-

340 2091 494 2157 nebantur
514 2092 604 2179 ignes
610 2118 619 2171 3
647 2092 871 2180 suggressique
887 2092 1016 2178 propius
1036 2091 1246 2177 speculatores
1265 2090 1370 2155 audiri

340 2185 500 2250 fremitum
517 2208 668 2270 equorum
685 2187 881 2270 inmensique
903 2194 935 2250 et
950 2184 1101 2250 inconditi
1123 2183 1257 2270 agminis
1280 2206 1369 2248 mur·

340 2300 411 2342 mur
427 2278 567 2343 attulere.
590 2279 686 2364 igitur
701 2274 877 2365 propinquo
895 2299 1035 2346 summae
1051 2279 1098 2342 rei
1115 2278 1294 2342 discfimine
1312 2299 1369 2342 ex-

340 2369 507 2454 plorandos
525 2371 659 2436 militum
682 2372 802 2437 animos
824 2382 925 2450 rauna,
949 2395 1086 2457 quonam
1102 2372 1136 2437 id
1152 2372 1246 2436 modo
1263 2371 1369 2436 incor-

340 2475 467 2551 ruptum
480 2466 569 2544 foret,
585 2489 693 2532 secum
702 2465 854 2554 agitabat:
873 2468 1014 2534 tribunos
1029 2477 1060 2532 et
1074 2466 1269 2532 centuriones
1283 2464 1369 2530 laeta

341 2560 466 2644 saepius¹
489 2581 583 2643 quam
606 2570 765 2646 comperta
785 2562 943 2641 nuntiare;
970 2562 1150 2628 libertorum
1172 2559 1298 2625 servilia
1319 2559 1369 2624 in-

340 2653 447 2740 genia3
474 2654 582 2718 amicis
605 2655 709 2720 inesse
727 2655 952 2735 adulationem;
975 2657 1004 2723 si
1021 2656 1124 2721 contio
1141 2661 1279 2732 vocetur,
1302 2653 1369 2719 illic

340 2769 464 2832 quoqne
482 2769 562 2831 quae
583 2749 677 2834 pauci
698 2749 848 2836 incipiant
865 2750 1002 2834 reliquos
1020 2751 1212 2835 adstrepere:
1238 2748 1368 2834 penitus

340 2843 515 2907 noscendas
537 2851 672 2920 mentes,
700 2865 772 2908 cum
795 2844 907 2909 secreti
929 2853 961 2908 et
981 2843 1163 2908 incustoditi
1182 2842 1263 2906 inter
1285 2841 1370 2906 mili-

292 2955 323 3003 13
341 2936 415 3002 teris
447 2937 534 3003 cibos
561 2959 649 3024 spem
681 2947 736 3002 aut
761 2947 880 3004 metum
909 2938 1092 3025 proferrent.
1133 2945 1224 3002 nocte
1254 2945 1371 3022 coepta

341 3054 487 3118 egressus
506 3031 650 3120 augurali
666 3054 723 3118 per
741 3033 864 3098 occulta
884 3042 916 3098 et
937 3031 1086 3119 vigilibus
1108 3031 1232 3118 ignara,
1252 3030 1369 3096 eomite

340 3149 418 3203 uno,
446 3136 607 3192 contectus
630 3125 778 3192 humeros
797 3126 897 3194 ferina
913 3126 995 3212 pelle
1013 3126 1078 3191 edit
1096 3133 1269 3190 castrorum
1286 3123 1368 3200 vias,

341 3221 465 3285 adsistit
486 3220 695 3286 tabernaculis
718 3220 893 3304 fruiturque
911 3221 997 3286 fama
1015 3219 1073 3297 sui,
1097 3241 1169 3284 cum
1186 3217 1238 3282 hio
1254 3217 1370 3282 nobili·

341 3322 436 3376 tatem
449 3313 548 3390 ducis,
568 3314 713 3378 decorem
725 3314 814 3389 alius,
832 3314 958 3400 plurimi
970 3313 1161 3399 patientiam,
1176 3311 1367 3390 comitatem,

340 3428 397 3488 per
414 3407 495 3470 seria
510 3428 567 3490 per
583 3408 669 3472 iocos
687 3408 821 3471 eundem
843 3409 982 3473 animum
999 3408 1144 3474 laudibus
1162 3407 1280 3472 ferrent
1297 3407 1370 3472 red·

341 3498 540 3582 dendamqne
562 3500 696 3584 gretiam
716 3500 750 3563 in
771 3500 838 3564 acie
856 3500 1042 3579 faterentur,
1070 3501 1164 3567 simul
1180 3500 1318 3586 perfidos
1338 3509 1370 3565 et

340 3601 482 3676 ruptores
508 3592 595 3676 pacis
622 3591 732 3657 ultioni
758 3602 789 3657 et
815 3594 932 3679 gloriae
958 3596 1151 3661 mactandos.
1182 3595 1264 3659 inter
1285 3615 1369 3677 quse

341 3709 422 3752 unus
448 3684 599 3763 hostium,
625 3686 762 3752 Latinae
787 3687 913 3775 linguae
941 3691 1057 3768 sciens,
1085 3698 1155 3755 acto
1182 3689 1223 3753 ad
1248 3688 1369 3753 vallum

342 3803 422 3865 equo
439 3802 517 3846 voce
538 3803 654 3867 magna
675 3780 824 3867 coniuges
847 3791 878 3847 et
896 3806 988 3870 agros
1011 3793 1043 3849 et
1065 3783 1211 3892 stipendii
1232 3782 1266 3845 in
1288 3783 1367 3858 dies,

342 3876 442 3940 donec
454 3874 630 3952 bellaretur,
650 3876 809 3941 sestertios
823 3886 980 3954 centenos,
1005 3878 1032 3944 si
1049 3878 1119 3962 quis
1134 3875 1366 3962 transfugisset,

341 3967 478 4034 Arminii
499 3970 624 4036 nomine
645 3969 817 4056 pollicetur.
848 3971 986 4036 incendit
1008 3995 1046 4038 ea
1063 3979 1137 4038 cont
1124 3970 1252 4036 tumelia
1270 3969 1368 4056 legio-

342 4085 418 4128 num
434 4064 511 4130 iras·
538 4066 658 4132 veniret
674 4065 756 4143 dies,
779 4065 905 4132 daretur
920 4089 1042 4154 pugna.
1070 4075 1269 4151 sumpturum
1286 4064 1367 4130 mili-

342 4170 405 4222 tem
432 4156 662 4226 Germanorum
689 4183 797 4248 agros,
825 4171 996 4230 uncturum
1022 4162 1188 4248 coniuges3
1224 4159 1366 4246 accipere
