3010 4962
412 453 763 512 unumunurn.
783 458 922 530 77-77.,
1127 451 1168 516 75

138 556 160 594 p.
172 543 213 584 cn.
224 545 258 584 77.

139 611 362 688 tiochensium,
386 611 440 694 qui
457 611 546 678 locus
569 613 747 700 sepultruue
765 615 992 696 destinabatur,
1015 621 1169 706 praetule-

136 707 219 770 ritne
237 705 381 770 veneficii
399 705 498 792 signa,
518 729 629 794 parurn
647 708 799 787 constitit3
818 733 892 776 nem
909 723 944 776 ut
961 714 1031 796 quis
1050 715 1170 780 miseri-

137 800 247 865 cordia
259 799 294 863 in
308 797 531 864 Germanicum
546 810 576 866 ct
589 812 791 888 praesumpta
804 804 982 890 suspicione
995 818 1049 872 aut
1062 809 1170 874 favore

136 892 170 954 in
187 893 340 966 Pisonem
357 893 497 978 pronior,
516 895 632 960 diversi
649 895 939 982 interpretabantur.

204 987 428 1053 Consultatum
445 988 518 1056 inde
539 989 621 1054 inter
637 989 759 1075 legatos
782 991 898 1075 quique
920 993 973 1058 alii
991 1003 1170 1062 senatorum
1189 1021 1220 1067 77

137 1083 283 1158 77177771,
306 1081 451 1164 quisnam
471 1080 583 1167 Syriae
604 1084 838 1168 praeficeretur;
861 1099 893 1152 ct
914 1088 1026 1155 ceteris
1049 1090 1170 1156 modice

136 1175 232 1252 nisis,
255 1175 337 1239 inter
354 1175 484 1242 Vibium
502 1175 647 1242 Marsum
669 1188 700 1243 et
719 1177 779 1244 Cn.
805 1177 948 1246 Sentium
970 1182 1025 1246 diu
1047 1185 1172 1266 quaesi-

137 1283 222 1346 tum;
245 1268 319 1332 dein
341 1268 469 1334 Marsus
493 1270 607 1336 seniori
629 1281 660 1337 et
682 1273 784 1338 acrius
807 1275 945 1340 tendenti
965 1274 1074 1342 Sentio
1097 1301 1171 1343 con-

137 1364 249 1441 cessit;
273 1363 364 1446 isque
385 1363 536 1428 infamem
554 1365 713 1432 veneficiis
736 1389 773 1432 ea
790 1368 823 1432 in
844 1370 1005 1453 provincia
1027 1381 1058 1436 71
1074 1370 1171 1436 Plan-

137 1459 228 1523 cinae
250 1480 425 1542 percaram,
449 1459 575 1524 nomine
597 1458 782 1538 Martinam,
806 1462 839 1526 in
861 1463 970 1529 urbem
992 1465 1091 1542 misit,
1113 1487 1170 1551 po-

137 1552 329 1620 stulantibus
348 1553 476 1618 Vitellio
499 1554 692 1630 ac'Veranio
714 1557 887 1642 ceterisque
910 1560 964 1643 qui
987 1561 1116 1626 crimina
1139 1571 1169 1626 et

136 1647 370 1712 accusationem
401 1656 561 1730 tamquam
588 1651 753 1726 adversus,
769 1663 911 1739 receptos
937 1654 1000 1720 iam
1025 1675 1096 1720 reos
1122 1656 1169 1720 in-

137 1740 310 1806 struebant.

201 1833 440 1920 AtAgrippina,
451 1857 642 1920 quamquam
651 1837 777 1904 defessa
788 1839 875 1906 luctu
886 1851 917 1906 71
925 1864 1054 1927 corpore
1063 1865 1167 1928 aegro,
1187 1861 1219 1909 77

135 1929 279 1994 omnium
291 1939 396 1994 tamen
404 1951 485 2013 quae
498 1932 647 1996 ultionem
661 1944 856 1999 morarentur
868 1935 1047 2014 intolerans,
1061 1959 1170 2002 ascen-

135 2024 183 2088 dit
210 2023 344 2089 classem
375 2047 447 2089 cum
477 2026 633 2092 cineribus
661 2025 842 2092 Germanici
868 2038 900 2094 et
924 2029 1044 2106 liberis,
1075 2030 1169 2095 mise-

134 2117 280 2182 rantibus
298 2119 417 2184 cunctis
436 2121 521 2202 quod
538 2119 657 2186 femina
674 2113 835 2186 nobilitate
852 2122 1007 2208 princeps,
1025 2123 1169 2210 pulcher·
1199 2143 1204 2150 ·

135 2214 219 2278 rimo
231 2214 327 2278 modo
340 2215 537 2281 matrimonio
550 2217 630 2280 inter
643 2217 821 2282 venerantis
839 2217 1053 2303 gratantisque
1071 2218 1169 2302 aspici

137 2307 246 2384 solita,
270 2318 345 2372 tunc
367 2308 472 2374 feralis
495 2310 643 2393 reliquias
667 2310 738 2376 sinu
760 2310 868 2389 ferret,
891 2311 1010 2376 incerta
1031 2311 1188 2389 ultionis,·

136 2402 233 2467 anxia
251 2403 300 2466 777
317 2411 348 2466 71
365 2403 481 2468 infelici
499 2405 690 2471 fecunditate
708 2405 851 2472 fortunae
869 2407 982 2472 totiens
1001 2405 1145 2473 obnoxia.

202 2494 353 2580 Pisonem
366 2497 490 2564 interim
503 2499 588 2584 apud
603 2498 706 2565 Coum
724 2501 859 2566 insulam
877 2501 1004 2570 nuntius
1023 2501 1169 2585 adsequi·

137 2607 189 2656 tur
215 2592 390 2658 excessisse
417 2591 655 2674 Germanicum
682 2618 745 2679 quo
771 2596 1014 2682 intemperanter
1039 2606 1167 2681 accepto

137 2686 242 2750 caedit
258 2686 415 2764 victimas,
434 2689 500 2754 adit
522 2689 652 2775 templa,
675 2712 777 2774 neque
799 2693 867 2777 ipse
889 2692 1041 2778 gaudium
1059 2693 1168 2757 mode-

136 2803 212 2845 rans
231 2789 263 2844 et
279 2781 380 2866 magis
399 2783 605 2848 insolescente
618 2783 778 2862 Plancius,
798 2808 878 2870 quae
895 2786 1015 2851 luctum
1033 2786 1168 2850 amissae

137 2875 255 2940 sororis
274 2884 340 2939 tum
362 2876 498 2960 primum
519 2878 602 2960 laeto
620 2879 706 2944 cultu
727 2881 868 2944 mutavit.
896 2880 1218 2946 771117717771777-77
1276 2897 1278 2900 ·
1324 2873 1334 2896 “

137 2969 278 3034 turiones
300 2970 546 3055 monebantque,
569 2982 714 3058 prompta
736 2973 781 3037 illi
798 2971 958 3058 legionum
981 2973 1098 3037 studia:
1122 2994 1169 3036 re-

136 3071 259 3148 peteret
283 3064 476 3147 provinciam
502 3087 566 3131 non
591 3066 659 3130 iure
682 3065 818 3131 ablatam
845 3075 877 3130 et
901 3088 1043 3130 vacuam.
1074 3066 1170 3150 igitur

137 3157 215 3242 quid
233 3159 391 3243 agendum
416 3160 605 3248 consultanti
623 3160 670 3224 M.
689 3159 767 3224 Piso
784 3158 867 3225 filius
889 3159 1119 3244 properandum
1136 3159 1169 3222 in

137 3252 249 3318 urbem
268 3254 430 3320 censebat:
449 3256 526 3319 nihil
544 3256 647 3320 adhuc
664 3254 853 3340 inexpiabile
866 3253 1049 3332 admissum,
1067 3275 1169 3336 neque

138 3348 334 3432 suspiciones
348 3349 509 3416 inbecillas
523 3360 577 3415 aut
589 3349 695 3414 inania
708 3349 811 3414 famae
824 3349 1087 3434 pertimfflcenda3
1106 3347 1170 3411 dis-

139 3442 278 3508 cordiam
309 3466 386 3528 erga
412 3441 635 3510 Germanicum
665 3445 737 3509 odio
768 3443 901 3510 fortasse
932 3444 1076 3531 diguam,
1107 3463 1170 3507 non

139 3559 255 3622 poena3
271 3546 302 3602 et
316 3538 513 3624 ademptione
527 3539 704 3625 provinciae
719 3539 914 3605 satisfactum
924 3539 1071 3604 inimicis:
1086 3537 1171 3621 quod

141 3632 167 3696 si
184 3632 410 3717 regrederetur,
430 3632 601 3698 obsistente
617 3630 727 3698 Sentio
740 3634 831 3699 civile
849 3633 965 3699 bellum
983 3632 1093 3716 incipi3
1112 3653 1170 3694 nec
1259 3697 1261 3702 ,

140 3726 306 3791 7177717777
327 3727 361 3790 77
382 3727 523 3812 partibus
546 3726 742 3792 centuriones
764 3728 955 3810 militesque,
984 3726 1069 3810 apud
1090 3745 1170 3806 quos

140 3841 249 3902 recens
267 3820 462 3905 imperatoris
481 3821 530 3886 sui
547 3821 698 3886 memoria
715 3830 746 3885 et
762 3821 887 3905 penitus
905 3819 1020 3883 infixus
1038 3818 1072 3882 in
1090 3816 1172 3881 Cae-

142 3935 227 3978 sares
246 3936 334 3978 amor
351 3914 552 4001 praevaleret.
576 3924 684 3980 contra
700 3913 860 3979 Domitius
881 3912 987 3988 Celer,
1007 3933 1046 3976 ex
1063 3909 1172 3974 intima
1191 3932 1219 3976 77

142 4007 208 4072 7777
232 4007 384 4084 amicitia,
407 4008 568 4084 disseruit,
591 4007 743 4072 utendum
766 4016 894 4072 eventu:
920 4005 1085 4080 Pisonem,
1107 4027 1172 4069 non

144 4089 288 4166 Sentium
308 4098 420 4186 Syriae
437 4102 649 4186 praepositum
655 4126 664 4178 ;
682 4100 755 4166 huie
773 4099 876 4166 fasces
895 4108 926 4164 et
943 4099 992 4164 ius
1009 4099 1170 4184 praetoris,

143 4193 214 4260 huic
231 4195 374 4281 legiones
393 4196 497 4262 datas:
517 4195 543 4261 si
562 4196 636 4280 quid
655 4195 768 4260 hostile
786 4194 923 4282 ingruat,
947 4215 1041 4278 quem
1058 4193 1170 4260 iustius
