3042 4956
420 391 626 491 usurarum
643 431 717 488 ΜΒ,
731 433 812 488 x111.
831 435 949 490 13-16.
1093 433 1104 448 ·
1130 423 1196 490 ,233

170 539 191 577 p.
203 526 287 566 clara.

170 593 367 679 patefierent,
392 613 468 656 suae
484 590 517 654 in
533 591 643 676 primis
663 591 803 676 nuptiae,
828 614 920 656 suum
941 591 1125 656 veneficium
1131 617 1140 670 ;
1162 592 1196 656 id

169 687 273 751 solum
291 686 351 750 diis
366 695 397 749 et
415 683 474 748 sibi
486 684 647 769 provisum
659 685 744 766 quod
757 685 875 748 viveret
886 685 1064 771 privignus:
1082 685 1195 750 ituram

170 803 243 844 eum
260 777 314 844 illo
331 779 365 842 in
379 786 493 855 eastra3
512 777 670 842 audiretur
686 777 760 841 hinc
775 775 955 842 Germanici
971 777 1044 855 filia,
1063 779 1135 842 inde
1152 778 1196 842 vi-

170 875 207 940 lis
225 895 336 938 rursus
355 873 475 936 Burrus
494 880 525 935 et
542 871 614 936 exul
634 869 771 948 Seneca,
790 881 900 938 trunca
917 871 1035 938 scilieet
1052 895 1147 938 mauu
1165 883 1196 937 et

169 967 363 1053 professoria
380 965 488 1050 lingua
503 964 627 1049 generis
645 963 774 1030 humani
794 965 934 1052 regimen
952 965 1194 1051 expostulantes

170 1061 264 1126 simul
273 1060 433 1125 intendere
442 1079 562 1135 manus,
577 1080 726 1144 aggerare
739 1057 862 1143 probra,
877 1069 1090 1124 consecratum
1101 1058 1196 1124 Clau-

170 1155 272 1231 dium,
291 1153 427 1218 infernos
446 1149 624 1218 Silanorum
642 1174 749 1218 manes
767 1153 912 1218 invocare
929 1162 960 1217 et
977 1161 1023 1218 tot
1039 1153 1132 1218 inrita
1148 1152 1196 1216 fa-

170 1249 289 1314 cinora.
1091 1303 1093 1308 .

236 1341 395 1406 Turbatus
412 1340 461 1404 his
479 1339 562 1404 Nero
581 1349 611 1404 et
628 1339 802 1425 propinquo
820 1341 879 1418 die,
899 1363 961 1424 quo
979 1351 1123 1426 quartum
1141 1341 1195 1404 de-
1214 1362 1245 1406 15

170 1437 288 1500 cimum
309 1433 419 1498 aetatis
441 1457 557 1498 annum
579 1433 779 1498 Britannicus
802 1434 960 1520 explebat,
983 1435 1123 1500 volutare
1147 1455 1195 1499 se-

170 1553 243 1594 cum
264 1527 358 1594 modo
380 1527 487 1591 matris
509 1527 704 1604 violentiam,
726 1528 819 1592 modo
840 1528 939 1613 ipsius
962 1529 1112 1607 indolem,
1136 1531 1196 1594 lavi

170 1623 298 1706 quidem
317 1621 527 1706 experimento
544 1643 645 1705 nuper
662 1621 833 1706 cognitam,
851 1645 914 1706 quo
932 1634 1036 1688 tamen
1054 1624 1194 1688 favorem

169 1717 232 1780 late
255 1714 474 1799 quaesivisset:
497 1714 587 1778 festis
606 1712 743 1779 Saturno
765 1715 875 1782 diebus
897 1717 977 1782 inter
998 1717 1058 1782 alia
1080 1740 1194 1801 aequa·

169 1809 247 1872 lium
260 1807 379 1871 ludicra
391 1829 523 1892 regnum
539 1807 614 1870 lusu
627 1809 821 1872 sortientium
838 1821 982 1875 evenerat
1000 1833 1038 1875 ea
1052 1834 1118 1876 sors
1131 1811 1194 1874 Ne·
1269 1867 1276 1882 ,

168 1901 252 1978 roni3
271 1900 366 1986 igitur
383 1901 492 1966 ceteris
511 1901 635 1966 diversa
652 1923 710 1966 neo
727 1902 873 1967 ruborem
890 1903 1033 1967 allatura:
1053 1904 1107 1968 ubi
1123 1903 1194 1967 Bri-

170 1995 294 2059 tannico
312 1994 403 2058 iussit
421 2005 585 2080 exurgeret
598 2017 846 2080 progressusque
863 1996 897 2058 in
913 1996 1050 2060 medium
1068 2005 1194 2060 cantum
1231 2069 1234 2076 Α

167 2089 306 2172 aliquem
331 2087 494 2172 inciperet,
521 2089 652 2152 inrisum
676 2111 716 2152 ex
742 2111 779 2152 eo
806 2111 934 2173 sperans
960 2089 1050 2173 pueri
1075 2088 1193 2153 sobrios

169 2204 294 2265 quoque
313 2181 486 2260 convictus,
505 2183 622 2246 nedum
640 2182 827 2247 temulentos
845 2183 1030 2268 ignorantis,
1052 2182 1104 2246 ille
1121 2204 1194 2246 con-

170 2286 288 2340 stanter
306 2298 435 2340 exorsus
454 2285 502 2340 est
524 2298 662 2354 carmen,
686 2299 749 2360 quo
772 2277 930 2341 evolutum
953 2299 1025 2341 eum
1047 2278 1122 2341 sede
1138 2299 1194 2361 pa-

169 2371 229 2434 tria
244 2369 402 2453 rebusque
424 2370 554 2436 summis
578 2371 820 2457 significabatur.
847 2372 930 2436 unde
948 2380 1016 2437 orta
1037 2371 1194 2436 miseratio

167 2464 376 2541 manifestior,
400 2465 473 2547 quia
491 2464 771 2531 dissimulationem
792 2489 856 2531 nox
873 2476 904 2530 et
920 2465 1049 2532 lascivia
1071 2487 1194 2530 exeme-

168 2567 230 2623 rat:
253 2557 336 2622 Nero
353 2558 509 2622 intellecta
526 2558 643 2624 invidia
660 2559 767 2624 odium
783 2561 928 2639 intendit,
947 2560 1193 2647 urgentibusque

166 2650 365 2736 Agrippinae
387 2651 494 2728 minis,
517 2652 728 2735 quianullum
746 2655 863 2720 crimen
881 2677 982 2738 neque
999 2655 1105 2720 iubere
1124 2676 1194 2719 cae-

169 2745 242 2808 dem
259 2745 363 2809 fratris
380 2745 485 2829 palam
504 2745 651 2824 audebat,
675 2749 797 2812 occulta
818 2749 943 2814 molitur
959 2748 1122 2834 pararique
1140 2769 1194 2811 ve·

167 2861 285 2902 nonum
306 2838 406 2916 iubet,
429 2839 572 2903 ministro
589 2839 732 2906 Pollione
749 2842 844 2918 Iulio,
868 2842 1040 2925 praetoriae
1058 2840 1193 2906 cohortis

169 2931 306 3010 tribuno,
330 2933 418 2997 auius
437 2955 511 2997 cura
533 2934 722 2999 attinebatur
739 2935 885 2999 damnata
905 2933 1047 2998 veneficii
1069 2934 1193 2998 nomine

167 3026 319 3103 Locusta,
339 3026 438 3090 multa
451 3026 604 3091 scelerum
621 3028 720 3092 fama:
738 3051 812 3092 nam
829 3035 864 3090 ut
881 3027 1043 3112 proximus
1061 3027 1194 3109 quisque

168 3119 349 3185 Britannico
362 3143 464 3204 neque
481 3121 530 3186 fas
544 3144 646 3205 neque
658 3121 753 3186 fidem
766 3121 857 3206 pensi
874 3119 1012 3196 haberet,
1031 3119 1104 3183 olim
1121 3140 1194 3203 pro·
1228 3159 1229 3163 =

168 3213 273 3277 visum
291 3224 365 3278 erat.
387 3215 523 3301 primum
539 3238 696 3280 venenum
714 3215 754 3281 ab
772 3215 849 3300 ipsis
868 3210 1086 3278 educatoribus
1105 3234 1193 3277 acce-

168 3307 228 3392 pit,
252 3308 444 3391 tramisitque
467 3309 610 3374 exsoluta
632 3310 702 3374 alvo
724 3332 835 3395 parum
856 3308 1008 3384 validum,
1032 3305 1097 3372 sive
1116 3315 1194 3371 tem-

169 3411 383 3485 peramentum
400 3402 500 3467 inerat
517 3425 557 3466 ne
576 3404 679 3467 statim
699 3403 844 3481 saeviret3
864 3403 921 3468 sed
932 3402 1016 3467 Nero
1034 3401 1109 3466 lenti
1127 3422 1193 3466 sce-

168 3494 241 3558 leris
249 3495 403 3579 inpatiens
417 3497 553 3560 minitari
561 3496 693 3576 tribuno,
708 3497 815 3564 iubere
830 3498 1016 3584 supplicium
1024 3497 1191 3572 veneficae,

168 3591 254 3673 quod
275 3593 350 3655 dum
371 3615 529 3657 rumorem
550 3593 734 3678 respiciunt,
759 3595 833 3658 dum
851 3602 961 3679 parant
983 3591 1191 3666 defensiones,

170 3684 366 3778 securitatem
388 3696 596 3752 morarentur:
622 3688 873 3772 promittentibus
895 3687 967 3750 dein
988 3695 1054 3749 tam
1075 3683 1194 3768 praeci-

168 3779 264 3862 pitem
280 3802 389 3844 necem
407 3803 502 3864 quarn
520 3781 547 3845 si
565 3781 647 3846 ferro
665 3791 835 3868 urgeretur,
855 3778 1032 3844 cubiculum
1047 3775 1192 3841 Caesaris

168 3873 255 3936 iuxta
272 3873 454 3956 decoquitur
472 3875 556 3939 virus
575 3876 708 3962 cognitis
726 3884 818 3940 antea
834 3871 962 3937 venenis
980 3871 1133 3954 rapidum.

231 3965 305 4031 Mos
314 3967 489 4033 habebatur
500 3969 676 4055 principum
689 3969 803 4033 liberos
813 3989 884 4032 eum
894 3963 1004 4028 ceteris
1017 3963 1100 4026 idem
1110 3970 1193 4027 aeta·
1211 3986 1242 4032 ro

167 4059 207 4126 tis
226 4061 382 4128 nobilibus
397 4065 540 4130 sedentes
554 4065 640 4128 vesei
657 4064 691 4126 in
708 4069 836 4148 aspectu
850 4058 1092 4144 propinquorum
1121 4079 1192 4142 pro-

166 4155 234 4239 pria
247 4166 277 4221 et
289 4157 430 4242 parciore
444 4181 567 4237 mensa3
581 4157 644 4222 illio
658 4156 802 4242 epulante
815 4153 1006 4231 Britannico,
1020 4152 1093 4237 quia
1106 4153 1190 4219 cibos
