2958 4960
328 445 369 511 76
576 493 589 519 ,
676 452 860 511 CORNELII
873 451 1012 508 TAGITI'

1246 551 1299 582 mu.
1311 545 1355 584 772.

324 639 412 682 arma
429 613 645 701 oppositurum
659 633 751 697 quam
764 610 818 694 qui
835 610 931 696 legati
945 609 1161 676 auctoritatem
1180 618 1212 678 et
1228 611 1357 696 propria

324 710 471 774 mandata
484 707 656 792 acceperit?
674 705 912 789 relinquendum
926 706 1020 770 etiam
1037 704 1215 770 rumoribus
1229 716 1355 792 tempus

323 827 386 889 quo
406 811 584 880 senescant3
607 800 792 887 plerumque
808 800 989 864 innocentes
1007 800 1124 865 recenti
1141 798 1280 866 invidiae
1298 801 1356 866 im·

323 921 429 986 paras:
457 907 489 963 at
510 897 539 962 ‘si
561 905 665 962 teneat
683 895 868 972 exercitum,
891 905 1007 981 augeat
1029 895 1124 972 vires,
1151 895 1252 960 multa
1273 917 1355 980 quae

323 992 480 1080 provideri
492 1013 556 1056 non
568 989 700 1076 possint,
719 989 847 1054 fortuito
860 989 893 1053 in
910 989 1023 1054 melius
1041 1012 1162 1056 casura.
1186 1013 1248 1070 „an
1266 990 1355 1055 festi-

323 1111 435 1154 namus
458 1109 531 1152 cum
549 1083 731 1151 Germanici
752 1083 908 1149 cineribus
932 1084 1102 1169 adpellere,
1126 1094 1161 1149 ut
1183 1093 1215 1150 te
1231 1087 1356 1151 inaudi-

323 1191 390 1246 tum
409 1190 440 1246 et
461 1178 661 1246 indefensum
677 1177 822 1264 planctus
841 1177 1037 1264 Agrippinae
1052 1193 1097 1244 'ac
1122 1179 1236 1265 vulgus
1256 1180 1356 1266 impe-

322 1276 416 1340 ritum
430 1275 530 1361 primo
543 1294 667 1338 rumore
681 1271 821 1358 rapiant?
839 1282 886 1338 est
901 1271 958 1337 tibi
970 1271 1138 1359 Augustae
1149 1273 1353 1351 conscientia,

323 1382 371 1434 est
386 1367 533 1434 Caesaris
551 1366 650 1444 favor,
670 1368 726 1434 sed
743 1367 776 1430 in
790 1366 928 1443 occulto;
946 1375 978 1430 et
994 1367 1114 1452 perisse
1129 1364 1354 1432 Germanicum

322 1463 399 1527 nulli
416 1461 582 1528 iactantius
601 1471 740 1527 maerent
757 1483 853 1543 quam
870 1460 925 1544 qui
942 1461 1079 1525 maxime
1095 1460 1282 1527 laetantur.“

272 1577 303 1625 ²8
386 1556 484 1621 Haud
501 1579 618 1642 magna
635 1555 717 1620 mole
735 1555 826 1632 Piso,
850 1565 1011 1642 promptus
1033 1555 1207 1634 ferocibus,
1230 1556 1264 1620 in
1283 1579 1355 1622 sen-

321 1651 449 1716 tentiam
467 1651 611 1728 trahitur,
635 1650 803 1735 missisque
826 1651 867 1715 ad
884 1649 1046 1716 Tiberium
1064 1650 1206 1736 epistulis
1228 1651 1354 1716 incusat

323 1743 547 1812 Germanicum
568 1744 662 1809 luxus
685 1752 717 1809 et
735 1743 915 1830 superbiae3
939 1767 1037 1828 seque
1057 1744 1184 1830 pulsum
1206 1753 1242 1810 ut
1263 1744 1354 1810 locus

320 1838 415 1905 rebus
439 1839 529 1904 novis
555 1837 731 1924 patefieret,
759 1860 867 1902 curam
889 1839 1043 1904 exercitus
1069 1839 1180 1904 eadem
1205 1838 1269 1904 fide
1290 1860 1355 1922 qua

322 1933 456 1998 tenuerit
468 1932 661 2019 repetivisse.
686 1931 779 1997 simul
791 1931 970 1996 Domitium
983 1932 1153 2017 inpositum
1171 1931 1290 1997 triremi
1307 1932 1355 1996 vi-

322 2038 388 2094 tare
405 2027 532 2093 litorum
550 2049 637 2092 oram
654 2035 838 2120 praeterque
856 2025 975 2090 insulas
993 2025 1057 2090 lato
1075 2026 1154 2090 mari
1170 2048 1302 2111 pergere
1320 2027 1354 2090 in

323 2120 449 2209 Syriam
463 2123 564 2200 inbet;
583 2129 801 2188 concurrentes
815 2120 990 2186 desertores
1008 2142 1065 2206 per
1081 2120 1259 2205 manipulos
1278 2143 1355 2185 con-

319 2218 418 2303 ponit,
433 2228 533 2282 armat
541 2217 622 2283 lixas
633 2205 831 2298 traiectisque
845 2215 1097 2280 incontinentem
1110 2213 1243 2280 navibus
1253 2215 1355 2280 vexil-

307 2312 386 2384 lum
409 2312 546 2380 tironum
568 2312 602 2376 in
626 2309 751 2395 Syriam
774 2310 913 2374 euntium
934 2310 1104 2395 intercipit,
1131 2310 1248 2396 regulis
1273 2308 1353 2374 Cili-

320 2427 392 2470 cum
410 2412 446 2469 ut
463 2427 498 2469 se
516 2403 639 2469 auxiliis
658 2405 801 2468 iuvarent
819 2403 939 2482 scribit,
962 2404 1048 2469 haud
1069 2404 1184 2490 ignavo
1202 2403 1242 2468 ad
1260 2403 1354 2467 mini-

321 2499 415 2564 steria
428 2498 504 2565 belli
516 2499 629 2564 iuvene
638 2498 765 2577 Pisone,
781 2519 972 2582 quamquam
986 2497 1220 2583 suscipiendum
1233 2495 1352 2562 bellum

320 2592 491 2684 abnuisset.

270 2706 301 2753 ra
384 2686 486 2774 Igitur
508 2709 595 2752 oram
612 2687 734 2773 Lyciae
757 2710 794 2752 ac
811 2686 1018 2774 Pamphyliae
1040 2686 1271 2773 praelegentes,
1295 2685 1354 2751 ob-

319 2780 379 2846 viis
396 2781 530 2846 navibus
549 2803 630 2864 quae
648 2780 859 2868 Agrippinam
878 2782 1043 2858 vehebant,
1062 2781 1218 2864 utrimque
1235 2779 1354 2844 infensi

318 2897 406 2938 arma
427 2874 528 2960 primo
556 2875 736 2960 expediere3
763 2875 836 2940 dein
858 2884 968 2940 mutua
992 2874 1159 2940 formidine
1181 2896 1245 2937 non
1270 2873 1354 2938 ultra

303 2969 457 3056 iurgium
479 2991 662 3056 processum
685 2979 748 3047 est,
770 2969 962 3054 Marsusque
984 2969 1098 3035 Vibius
1120 2967 1276 3032 nuntiavit
1297 2965 1354 3032 Pi-

319 3064 389 3130 soni
410 3063 546 3130 Romam
568 3064 609 3130 ad
635 3064 801 3131 dicendam
828 3086 956 3129 causam
981 3064 1115 3128 veniret:
1141 3062 1194 3128 ille
1219 3061 1353 3128 eludens

318 3160 480 3245 respondit
497 3159 692 3236 adfuturum,
716 3159 771 3225 ubi
787 3169 925 3244 praetor,
948 3159 1003 3243 qui
1020 3159 1060 3222 de
1078 3155 1236 3222 veneficiis
1255 3179 1354 3240 quae-

318 3264 414 3330 reret,
434 3276 488 3318 reo
505 3264 598 3336 atque
617 3253 850 3318 accusatoribus
870 3253 954 3318 diem
971 3252 1169 3338 prodixisset.

384 3346 516 3410 Interim
533 3346 694 3412 Domitius
711 3347 908 3424 Laodiciam,
926 3347 1038 3412 urbem
1057 3344 1178 3431 Syriae,
1197 3345 1352 3432 adpulsus

320 3461 392 3504 cum
414 3439 545 3503 hiberna
567 3449 674 3505 sextae
696 3440 829 3526 legionis
852 3451 986 3527 peteret,
1013 3441 1099 3525 quod
1121 3463 1192 3505 eam
1212 3440 1352 3505 maxime

320 3533 407 3598 novis
430 3533 568 3598 consiliis
591 3534 736 3598 idoneam
758 3536 898 3613 rebatur,
926 3560 945 3602 a
966 3535 1108 3602 Pacuvio
1129 3536 1234 3622 legato
1260 3557 1353 3621 prae-

273 3657 276 3670 ·
319 3628 450 3694 venitur.
473 3628 507 3692 id
527 3626 654 3694 Sentius
668 3629 779 3694 Pisoni
796 3651 853 3715 per
869 3631 988 3696 litteras
1007 3631 1106 3716 aperit
1123 3638 1292 3714 monetque
1310 3652 1351 3694 ne

319 3731 421 3789 castra
439 3723 686 3809 corruptoribus,
707 3747 748 3790 nc
769 3725 963 3811 provinciam
981 3723 1063 3791 bello
1086 3734 1226 3813 temptet.
1254 3747 1352 3809 quos·

317 3838 379 3901 que
394 3815 574 3884 Germanici
587 3840 741 3884 memores
752 3828 813 3884 'aut
829 3819 963 3884 inimicis
983 3820 1050 3884 eius
1064 3821 1213 3886 adversos
1232 3841 1352 3905 cogno-

318 3922 421 3989 verat,
445 3911 613 3990 contrahit,
636 3912 882 4000 magnitudinem
900 3913 1095 3999 imperatoris
1114 3914 1284 3979 identidem
1302 3914 1352 3978 in-

318 4027 430 4089 gerens
449 4015 480 4070 et
498 4027 564 4070 rem
582 4006 740 4093 publicam
756 4007 850 4072 armis
868 4007 946 4093 peti3
966 4007 1113 4092 ducitque
1127 4007 1264 4072 validam
1283 4031 1352 4072 ma·

318 4120 394 4190 num
412 4108 443 4163 et
460 4100 578 4184 proelio
596 4111 748 4185 paratam.

267 4208 301 4257 80
381 4190 448 4257 Noc
469 4191 559 4271 Piso,
587 4213 776 4279 quamquam
800 4205 911 4283 coepta
934 4218 1025 4262 secus
1048 4195 1216 4275 cadebant,
1243 4194 1349 4260 omisit
1385 4211 1389 4218 '
