3042 4956
361 441 422 506 192
709 446 891 504 CORNELII
905 448 1037 506 TACl'l'l

1276 553 1296 584 a
1307 555 1329 584 a.
1339 546 1386 586 aor.

360 611 517 676 civitatem
531 608 706 674 Romanam
719 615 750 672 et
767 606 799 670 in
812 605 946 672 familias
959 607 1159 694 patriciorum
1172 610 1313 676 adscitus
1327 622 1385 691 est,

360 706 522 770 hortantur
531 703 574 766 uti
583 701 710 787 paribus
719 701 855 766 consiliis
863 703 1090 787 rempublicam
1099 725 1274 790 capessam,
1284 715 1386 772 trans-

360 800 490 866 ferendo
511 798 573 862 huo
595 797 679 880 quod
700 817 833 879 usquam
860 798 1021 883 egregium
1042 798 1149 877 fuerit;
1176 821 1279 882 neque
1301 801 1385 866 enim

360 895 471 982 ignoro
479 891 576 958 Iulios
585 889 679 967 Alba,
695 889 909 956 Coruncanios
924 891 1078 969 Camerio,
1091 892 1222 958 Porcios
1232 893 1385 972 Tusculo,

361 1003 392 1056 et
409 1011 450 1056 ne
467 999 572 1054 vetera
585 996 765 1062 scrutemur,
784 985 911 1050 Etruria
923 987 1126 1070 Lucaniaque
1144 997 1176 1053 et
1193 989 1280 1054 omni
1292 989 1386 1054 Italia

360 1086 393 1150 in
412 1094 554 1150 senatum
572 1082 701 1157 accitos,
724 1091 881 1165 postremo
898 1080 999 1165 ipsam
1022 1083 1062 1146 ad
1078 1080 1179 1167 Alpes
1196 1093 1384 1168 promotam,

360 1189 477 1244 utnon
494 1176 588 1242 modo
606 1174 722 1260 singuli
738 1173 866 1251 viritim,
886 1175 945 1238 sed
961 1185 1072 1252 lemae,
1091 1187 1200 1261 gentes
1218 1178 1251 1242 in
1268 1199 1384 1243 nomen

359 1283 501 1340 nostrum
519 1271 736 1338 coalescerent.
760 1279 833 1334 tunc
847 1270 946 1334 solida
962 1271 1048 1334 domi
1065 1271 1163 1354 quies,
1183 1282 1214 1336 et
1231 1273 1383 1338 adversus

360 1378 488 1434 externa
505 1365 679 1442 floruimus,
703 1385 775 1428 oum
793 1363 1010 1449 Transpadani
1026 1365 1059 1428 in
1077 1364 1232 1430 civitatem
1254 1367 1382 1452 recepti,

360 1485 432 1526 cum
456 1460 558 1545 specio
581 1458 782 1522 deductarum
805 1480 861 1542 per
882 1458 988 1522 orbem
1011 1468 1110 1524 terrae
1131 1458 1304 1545 legionum,
1329 1461 1384 1524 ad·

359 1556 432 1620 ditis
450 1551 686 1638 provincialium
704 1551 918 1629 validissimis,
942 1552 1027 1616 fesso
1044 1552 1175 1638 imperio
1192 1552 1383 1618 subventum

359 1660 420 1714 est.
439 1671 514 1712 num
532 1647 669 1732 paenitet
683 1646 801 1710 Balbos
819 1669 859 1710 ex
872 1647 1028 1732 Hispania
1044 1669 1104 1712 nec
1120 1647 1223 1712 minus
1241 1647 1382 1756 insignes

358 1744 441 1808 viros
459 1764 478 1806 e
497 1739 601 1806 Gallia
617 1739 815 1806 Narbonensi
832 1741 1031 1806 transivisse?
1052 1751 1178 1806 manent
1195 1742 1314 1834 posteri
1331 1764 1384 1807 eo-

357 1861 428 1903 rum
437 1859 495 1902 nec
504 1857 609 1900 amore
623 1835 749 1900 inbono
763 1836 895 1920 patriam
909 1833 998 1902 nobis
1012 1837 1194 1900 concedunt.
1213 1829 1289 1919 quid
1298 1836 1384 1900 alind

357 1932 454 1996 exitio
467 1930 729 1996 Lacedaemoniis
743 1939 775 1994 et
787 1928 1034 1996 Atheniensibus
1048 1930 1106 1993 fuit
1107 1951 1321 2014 ,quamquam
1334 1953 1384 1994 ar·

334 2027 419 2102 ,mis
441 2026 605 2112 pollerent,
628 2023 690 2089 nisi
692 2025 796 2108 quod
813 2025 912 2088 victos
933 2047 990 2110 pro
1012 2023 1193 2110 alienigenis
1217 2023 1384 2089 arcebant?

359 2131 391 2186 at
409 2121 551 2186 conditor
567 2119 665 2184 nostri
678 2118 834 2184 Romulus
847 2127 966 2182 tantum
981 2118 1133 2203 sapientia
1150 2117 1247 2182 voluit
1264 2128 1299 2182 ut
1315 2118 1384 2203 ple-

358 2237 473 2299 rosque
486 2215 619 2300 populos
632 2213 743 2280 eodem
757 2191 807 2278 die
824 2213 940 2290 hostes,
959 2213 1032 2278 dein
1049 2213 1133 2278 cives
1151 2211 1303 2277 habuerit.
1327 2213 1384 2276 ad·

358 2330 457 2374 venae
475 2310 508 2372 in
525 2331 583 2373 nos
604 2317 828 2394 regnaverunt;
850 2305 1063 2372 libertinorum
1085 2307 1157 2371 filiis
1179 2307 1383 2392 magistratus

357 2402 500 2466 mandari
516 2425 593 2478 non,
612 2411 647 2465 ut
664 2401 802 2486 plerique
820 2401 981 2478 falluntur,
1000 2423 1121 2487 repens,
1141 2401 1197 2466 sed
1213 2401 1308 2487 priori
1326 2423 1384 2486 po-

356 2496 431 2580 pulo
449 2495 622 2559 factitatum
640 2505 697 2558 est.
721 2505 842 2558 etcum
861 2493 1039 2561 Senonibus
1056 2495 1280 2582 pugnavimus:
1299 2495 1384 2560 scili-

356 2600 407 2653 cet
423 2587 532 2653 Volsci
554 2597 586 2651 et
603 2587 708 2670 Aequi
730 2611 901 2673 numquam
923 2590 1087 2655 adversam
1104 2590 1195 2655 nobis
1217 2590 1316 2654 aciem
1335 2589 1383 2654 in-

357 2692 506 2747 struxere.
530 2682 613 2766 capti
630 2705 650 2745 a
668 2679 768 2746 Gadis
788 2705 911 2748 sumus:
930 2685 986 2748 sed
1003 2694 1035 2749 et
1052 2683 1165 2749 Tuscis
1182 2683 1308 2749 obsides
1327 2684 1383 2748 de-

263 2807 275 2820 *
356 2775 459 2840 dimus
477 2783 508 2840 et
528 2772 717 2840 Samnitium
734 2776 842 2862 iugum
862 2777 1024 2842 subiimus.
1048 2800 1085 2842 ac
1102 2787 1206 2843 tamen
1224 2777 1251 2844 si
1269 2787 1384 2842 cuncta

356 2868 438 2935 bella
447 2891 621 2948 recenseas,
635 2869 757 2934 nullum
771 2870 911 2936 breviore
925 2872 1026 2956 spatio
1039 2893 1133 2956 quam
1143 2872 1294 2936 adversus
1304 2868 1384 2936 Gal·

355 2966 403 3030 los
426 2965 618 3044 confectum3
641 2967 788 3030 continua
808 2966 881 3030 inde
903 2989 940 3030 ec
960 2967 1025 3030 fida
1045 2989 1118 3052 pax.
1145 2965 1208 3030 iam
1230 2965 1382 3044 moribus,

356 3060 493 3139 artibus,
504 3060 708 3126 affinitatibus
722 3061 835 3126 nostris
854 3061 952 3138 mixti,
972 3084 1082 3125 aurum
1100 3071 1131 3125 et
1148 3083 1223 3146 opes
1242 3083 1315 3126 suas
1334 3061 1383 3125 in·

356 3155 458 3220 ferant
474 3156 578 3241 potius
601 3177 696 3239 quam
719 3155 853 3240 separati
871 3154 1015 3219 habeant
1043 3155 1161 3233 omnio,
1184 3164 1288 3240 patres
1307 3176 1383 3220 con-

356 3249 476 3333 scripti,
509 3271 589 3333 quae
615 3271 698 3314 nunc
724 3249 937 3314 vetustissima
962 3251 1144 3327 creduntur,
1170 3272 1253 3314 nova
1277 3248 1381 3314 fuere:

354 3340 469 3424 plebeii
496 3343 696 3426 magistratus
724 3353 798 3427 post
818 3344 978 3428 patricios,
1006 3343 1114 3407 Latini
1135 3353 1208 3429 post
1228 3343 1380 3429 plebeios,

354 3441 527 3496 ceterarum
544 3432 654 3498 Italiac
676 3437 816 3520 gentium
838 3447 911 3521 post
927 3438 1075 3502 Latinos·
1097 3437 1304 3502 inveterascet
1319 3437 1382 3503 hoc

353 3546 492 3608 quoque;
507 3536 538 3590 et
546 3528 631 3609 quod
640 3527 732 3592 hodie
742 3532 894 3615 exemplis
904 3541 1036 3610 tuemur,
1049 3532 1130 3597 rnter
1139 3532 1282 3617 exempla
1291 3532 1380 3597 ent“

303 3639 335 3685 aa
420 3617 603 3684 Orabonem
613 3642 761 3707 prmcrprs
772 3635 879 3690 secuto
888 3635 1011 3710 patrum
1021 3626 1163 3692 consulto
1172 3647 1265 3711 prrmr
1255 3625 1381 3691 Aedur

320 3727 532 3783 senatorum
549 3719 583 3783 in
599 3718 702 3784 urbe
694 3743 743 3785 rus
761 3721 867 3807 adepti
885 3733 971 3801 sunt;
989 3722 1098 3787 datum
1114 3722 1148 3787 id
1165 3721 1283 3787 foederi
1301 3721 1382 3786 anti-

353 3835 425 3898 quo,
445 3821 476 3878 et
493 3813 567 3898 quia
580 3815 638 3880 soli
652 3812 816 3882 Gallorum
831 3817 1032 3884 fraternitatis
1045 3838 1160 3882 nomen
1173 3839 1245 3881 curn
1261 3815 1381 3902 populo

353 3908 497 3974 Romano
516 3919 678 3995 usurpant.

416 4004 524 4068 Isdem
542 4004 653 4070 diebus
670 4006 703 4071 iu
724 4029 888 4071 numerum
910 4007 1110 4092 patriciorum
1129 4006 1241 4071 ascivit
1259 4003 1381 4070 Caesar

354 4097 601 4162 vetustissimum
624 4121 778 4184 quemque
796 4124 814 4166 e
833 4112 943 4166 senatu
965 4111 1020 4166 aut
1041 4101 1156 4185 quibus
1175 4099 1380 4184 clarhpsren-

352 4197 399 4251 tes
418 4189 550 4268 fuerant,
568 4193 677 4275 paucis
695 4194 758 4258 inm
775 4195 901 4279 reliquis
919 4195 1108 4262 familiarum
1126 4215 1205 4278 quas
1223 4193 1379 4258 Romulus
