2958 4960
398 431 612 488 nurerum
630 429 707 486 LIB.
720 431 760 487 Π.
777 433 900 487 ‘ts—82
1126 423 1169 488 Π

114 533 132 572 p.
142 519 182 561 Gli.
192 522 226 562 1⁹.

113 589 269 654 tutissime
288 612 308 656 e
328 588 572 676 praesentibus,
595 588 655 654 sed
671 589 839 654 metellum
855 588 990 656 (uisu
1009 592 1168 658 -ir-

111 684 299 763 admodum,
326 685 384 749 cui
405 705 526 749 nomen
539 683 727 760 Celendris,
748 695 900 769 oourp=t3
921 707 998 749 usin
1017 687 1168 750 adsistis

111 778 330 844 desertoribus
355 789 390 844 et
411 779 514 844 tirone
534 799 639 862 nuper
658 778 834 863 iuteroepto
858 779 991 862 suisque
1017 790 1051 844 et
1070 779 1170 844 Pluri-

110 870 1167 958 emeesewitiissmianibeumqmeregubmisumt'n

109 989 277 1032 numerum
300 967 444 1054 legionis
467 975 706 1074 oomposueint,
733 964 947 1074 cruorisque
968 988 1005 1031 se
1024 967 1166 1051 legntn

110 1060 286 1126 testabatur
305 1061 477 1170 provincis
493 1083 592 1144 quani
608 1061 638 1124 is
654 1060 798 1125 dedisset
814 1061 929 1137 moeri,
947 1083 1012 1126 non
1029 1084 1051 1125 a
1066 1061 1167 1146 legio-

109 1153 253 1220 nibus—
207 1155 522 1240 —earumquippe
539 1154 841 1232 sooitriveniie-—,
859 1151 1168 1264 sedaSmtiopri-

110 1257 214 1314 rutum
227 1250 350 1316 odium
363 1249 454 1314 falsis
468 1248 655 1313 criminibus
663 1258 806 1334 tegente:
818 1249 1051 1314 mnsistuerit'
1040 1273 1075 1312 ni
1085 1250 1164 1326 scie,
1289 1248 1299 1259 '

110 1364 169 1407 non
186 1343 389 1430 pugnaturis
406 1342 578 1420 militibus,
602 1341 658 1406 ubi
674 1341 829 1408 Pisonem
845 1342 888 1408 nb
904 1343 984 1428 ipsis
1000 1355 1164 1428 perusta

111 1439 270 1520 quondam
288 1439 502 1526 appellatum,
521 1438 550 1503 si
566 1438 635 1502 iure
652 1448 809 1523 ageretur,
826 1439 992 1523 potiorem,
1010 1439 1040 1502 si
1055 1439 1163 1514 aruris,

111 1553 170 1595 non
186 1533 374 1599 invalidum
387 1533 553 1598 vidissent.
575 1542 645 1596 tuin
661 1553 720 1616 pro
736 1532 941 1598 iniuiimuitis
957 1532 1080 1598 oastdli
1095 1555 1164 1598 m

111 1626 232 1712 nipulos
252 1629 413 1716 explieat,
431 1628 513 1694 oolle
529 1628 631 1694 siduo
648 1638 682 1691 et
697 1627 847 1712 derupto;
869 1651 944 1692 nain
960 1639 1067 1693 uetera
1081 1629 1162 1692 mi

113 1720 296 1808 eingimtur;
316 1733 428 1788 oontrs
440 1722 583 1788 veteinui
596 1721 760 1788 ordinibus
777 1744 817 1787 so
833 1722 984 1788 subsidiis
1000 1723 1161 1788 instrnui:

113 1813 180 1880 hino
205 1817 365 1895 militurn,
392 1817 469 1882 inde
493 1817 638 1882 locorum
659 1817 829 1902 spedus,
855 1817 914 1881 sed
939 1839 1004 1882 nou
1023 1817 1160 1892 eminus,

114 1930 172 1974 non
188 1933 282 1996 spes,
302 1933 346 1976 ue
363 1911 428 1976 tela
444 1911 575 1996 quidem
592 1912 656 1976 nisi
672 1912 826 1998 agrestis,
848 1911 892 1976 sd
908 1910 1050 1976 subitum
1066 1931 1160 1974 usum

113 2016 288 2089 properata.
312 2016 350 2070 ut
367 2028 484 2070 venere
501 2006 535 2070 iii
548 2029 673 2084 manus,
691 2029 757 2072 non
773 2005 857 2070 ultre
868 2004 1049 2068 dubitatum
1064 2025 1160 2086 qum

116 2095 186 2162 dum
206 2099 379 2166 Romanae
405 2100 552 2168 eohortes
578 2101 614 2164 iii
638 2123 778 2184 aequum
803 2100 1009 2164 eniterentur:
1033 2107 1161 2161 vertunt

116 2197 199 2279 terge
217 2193 342 2260 Cilices
360 2217 461 2280 seque
478 2195 610 2260 enstello
627 2195 791 2260 claudunt.

172 2285 310 2372 lutei-im
328 2289 408 2356 Piso
425 2289 562 2356 classem
583 2289 672 2354 baud
690 2288 803 2376 procul
820 2287 1037 2374 opperientur
1056 2285 1159 2371 sdpu-
1176 2303 1207 2352 si

117 2399 207 2463 gnare
225 2383 348 2450 frustra
365 2384 547 2470 temptavit3
568 2405 800 2470 regressusque
816 2394 850 2448 et
865 2405 924 2468 pro
944 2382 1045 2446 inuiis
1061 2381 1158 2445 modo

120 2486 212 2541 semet
228 2479 438 2556 adflictando,
461 2479 558 2544 modo
576 2477 720 2564 singulos
737 2479 865 2544 nomine
882 2479 985 2556 ciens,
1006 2476 1157 2584 praerin‘is

118 2587 227 2638 vocans
246 2573 440 2640 seditionem
457 2572 639 2659 ooeptabat,
661 2574 807 2658 adeoque
829 2582 1044 2638 ooininovast
1059 2581 1097 2636 ut
1112 2571 1157 2635 si-

120 2663 215 2744 gnifer
240 2667 379 2754 legionis
406 2677 516 2734 sextae
539 2668 667 2754 signum
689 2668 731 2734 ed
756 2690 831 2734 euni
851 2667 1055 2732 transtulerit.
1086 2675 1155 2729 tuin

122 2752 242 2826 Sentius
260 2783 417 2828 occanere
438 2783 559 2828 oornun
576 2761 734 2846 tubasque
754 2772 788 2828 et
804 2764 870 2848 peti
886 2783 1052 2848 aggerem,
1074 2759 1155 2844 erigi

123 2851 213 2918 scales
229 2856 336 2933 iussit,
355 2878 394 2922 ao
411 2857 683 2943 promptissimum
699 2878 859 2942 quemque
876 2856 1056 2930 suooedee,
1074 2853 1154 2918 alios

124 2950 278 3014 tormentis
292 2949 413 3028 hastas,
432 2975 511 3016 saxa
524 2961 557 3017 et
568 2951 680 3017 snoes
670 2973 828 3037 ingerere.
845 2951 974 3015 tnndern
986 2949 1071 3011 viots
1082 2967 1155 3031 per·

122 3035 226 3108 tinacia
247 3041 327 3108 Piso
349 3045 451 3109 oravit
473 3054 510 3110 ut
531 3045 653 3110 sadifis
675 3045 773 3110 armis
795 3051 938 3108 mmeret
957 3041 991 3106 in
1013 3039 1152 3115 metello,

123 3129 189 3198 dum
211 3136 334 3202 Caesar
356 3138 407 3202 oui
431 3137 559 3224 Syriam
584 3140 780 3224 permitteret
804 3135 989 3202 oonsulitur.
1018 3155 1083 3197 non
1102 3153 1154 3196 re-

124 3237 221 3312 oeptee
239 3233 449 3311 conditiones,
466 3255 527 3300 neo
543 3233 632 3300 eliud
647 3255 746 3318 quani
761 3253 862 3298 naves
880 3239 913 3296 et
929 3238 1032 3294 tutuiu
1048 3227 1083 3292 iii
1099 3249 1152 3292 ur-

124 3315 210 3387 beni
200 3335 262 3392 iter
278 3348 467 3394 eoncessum
484 3339 544 3396 est.

176 3417 221 3484 At
237 3420 377 3501 Romae,
399 3433 570 3509 postquam
588 3421 772 3490 Germanioi
793 3422 934 3488 valitudo
954 3419 1150 3510 peierebruit
1167 3440 1201 3490 ιι

125 3525 301 3600 cunctaque,
324 3525 362 3582 ut
378 3540 418 3582 ex
435 3517 624 3605 longinquo,
647 3529 741 3584 sueta
757 3519 791 3584 in
807 3518 946 3584 deterius
963 3515 1150 3583 adsereban-

124 3611 444 3691 tui,dolor,1ra;et
465 3613 673 3699 erumpebant
689 3622 836 3696 questus:
857 3613 930 3678 ideo
951 3612 1099 3678 nimirum
1115 3611 1149 3675 in

125 3711 267 3772 extremus
286 3715 386 3772 terres
402 3707 588 3794 relegatum,
607 3707 679 3774 ideo
691 3707 802 3774 Pisoni
818 3707 1006 3794 permissum
1022 3704 1149 3790 provin-

125 3791 206 3877 tiam3
223 3799 287 3864 hoo
304 3801 410 3886 egisse
428 3812 566 3868 secretos
583 3801 753 3889 Augustae
770 3825 843 3867 oum
860 3799 1014 3865 Plancius
1031 3819 1149 3862 sermo-

125 3905 183 3970 nes3
208 3916 286 3960 vera
305 3916 437 3980 prorsus
459 3897 499 3962 de
520 3895 630 3964 Druso
653 3897 793 3963 seniores
818 3896 956 3961 locutos·
982 3891 1147 4001 displicere

123 3987 316 4070 regnantibus
335 3989 440 4056 civilia
456 3991 620 4059 filiorum
610 3991 752 4078 ingenis,
769 4011 873 4076 neque
890 3987 932 4054 ob
949 3985 1062 4052 aliud
1052 3995 1147 4053 inter·

125 4090 217 4164 captos
245 4104 342 4166 quem
369 4085 444 4168 quia
468 4085 622 4171 populum
642 4085 824 4150 Romanum
845 4105 948 4168 nequo
972 4081 1040 4147 iure
1061 4103 1146 4149 ooni-

123 4170 202 4252 plecti
219 4178 345 4246 redditu
357 4179 500 4248 libertate
513 4180 710 4268 sgitaverint.
732 4179 794 4246 hos
804 4179 893 4266 vulgi
911 4199 1071 4245 sermones
1089 4200 1142 4244 eu·
