2960 4962
217 439 221 446 ’
312 433 373 498 104
664 438 849 498 CORNELII
861 439 991 496 TAClTl

1230 545 1250 574 ι.
1260 546 1289 575 u.
1305 537 1363 576 775.

308 603 441 688 quisque
459 599 593 688 gratiam
607 599 740 676 trahant,
759 598 852 663 unius
870 597 988 662 invidia
1005 597 1044 664 ab
1062 600 1209 667 omnibus
1228 624 1364 688 pecoaf

308 708 367 761 tur.
395 695 472 779 quid
493 695 577 759 enim
598 693 734 778 primum
756 690 920 777 prohibere
942 703 973 756 et
993 693 1132 777 priscum
1154 696 1197 759 ad
1218 719 1361 762 morem

307 790 445 856 recidere
463 787 646 874 adgrediar?
667 786 850 853 villarumne
868 785 989 851 infinita
1007 787 1126 872 spatia?
1147 787 1361 856 familiarum

307 905 473 948 numemm
490 892 522 947 et
538 880 698 946 nationes?
716 879 836 966 argenti
854 889 886 944 ct
903 880 971 944 auri
986 881 1130 965 pondus?
1147 882 1229 948 aeris
1249 884 1360 950 tabu-

308 977 470 1061 lammque
487 975 655 1040 miracula?
676 974 848 1059 promiscas
867 973 942 1038 viris
961 984 992 1038 et
1014 974 1139 1040 feminis
1162 987 1270 1043 vestes
1298 989 1360 1043 at-

308 1077 369 1157 que
387 1071 441 1136 illa
457 1070 644 1135 seminarum
661 1069 799 1154 propria,
822 1067 892 1151 quis
909 1067 1049 1154 lapidum
1072 1091 1168 1135 causa
1184 1073 1357 1157 pecuniae

258 1188 291 1235 54
308 1175 432 1231 nostrae
450 1164 491 1229 ad
509 1174 653 1228 externas
672 1172 726 1226 aut
743 1161 865 1226 hostilis
883 1171 993 1247 gentes
1012 1163 1263 1230 transferuntur?
1280 1189 1355 1232 nec

308 1261 417 1346 ignoro
430 1259 463 1324 in
477 1257 628 1324 conviviis
642 1266 674 1322 et
686 1255 809 1321 circulis
823 1256 960 1320 incusari
971 1257 1033 1322 ista
1046 1265 1077 1322 et
1090 1259 1219 1323 modum
1231 1261 1352 1344 posci;

309 1355 365 1419 sed
383 1353 498 1437 siquis
516 1353 620 1438 legem
638 1351 771 1428 sanciat,
793 1373 911 1436 poenas
929 1350 1060 1430 indicat,
1082 1352 1178 1417 cidem
1196 1353 1243 1418 illi
1262 1355 1352 1419 civi-

307 1457 404 1511 tatem
425 1446 517 1522 verti,
541 1445 794 1531 splendidissimo
816 1445 928 1528 cuique
946 1444 1076 1509 exitium
1096 1446 1213 1531 parari,
1237 1449 1351 1512 nemi-

306 1561 379 1603 nem
406 1538 542 1602 oriminis
570 1547 729 1622 expertem
761 1537 977 1605 clamitabunt:
1009 1539 1096 1622 atqui
1125 1561 1164 1603 ne
1195 1542 1346 1626 corporis

307 1632 434 1716 quidem
460 1631 586 1696 morbos
612 1640 735 1696 veteres
761 1641 793 1696 et
817 1633 872 1697 diu
897 1641 1005 1698 auctos
1031 1633 1092 1698 nisi
1117 1655 1173 1719 per
1200 1635 1280 1700 dura
1308 1647 1347 1700 et

307 1747 419 1810 aspera
440 1746 598 1790 coerceas:
626 1735 791 1811 corruptus
818 1726 912 1790 simul
934 1735 965 1792 et
987 1736 1160 1813 corruptor,
1187 1751 1285 1815 aeger
1307 1740 1345 1794 et

306 1820 442 1906 flagrans
469 1820 591 1885 animus
618 1819 703 1884 baud
728 1819 898 1886 levioribus
924 1821 1070 1885 remediis
1092 1822 1343 1908 restinguendus

307 1925 355 1980 est
380 1936 476 2000 quam
501 1914 682 1980 libidinibus
711 1915 854 1994 ardescit.
885 1923 931 1979 tot
958 1914 1167 1980 amaioribus
1193 1926 1342 2001 repertae

306 2010 407 2096 leges,
426 2019 472 2075 tot
489 2031 567 2093 quas
586 2011 677 2075 divus
694 2007 863 2096 Augustus
882 2009 965 2086 tulit,
983 2009 1055 2074 illae
1073 2009 1243 2088 oblivione,
1263 2012 1338 2091 hae,

307 2104 392 2187 quod
405 2103 590 2190 flagitiosius
605 2113 661 2182 est,
681 2112 861 2188 contemptu
875 2101 1008 2168 abolitae
1022 2103 1211 2169 securiorem
1224 2105 1339 2171 luxum

307 2197 424 2274 fecere3
442 2221 514 2262 nam
533 2197 561 2262 si
578 2197 656 2262 velis
675 2198 760 2281 quod
777 2198 917 2265 nondum
933 2196 1064 2260 vetitum
1083 2207 1144 2275 est,
1163 2197 1276 2264 timeas
1295 2223 1337 2266 ne

307 2299 424 2367 vetere;
443 2300 476 2354 at
493 2291 520 2354 si
537 2290 694 2375 prohibita
710 2291 837 2376 impune
855 2290 1092 2368 transcenderis,
1110 2313 1212 2376 neque
1230 2302 1336 2359 metus

306 2386 387 2451 ultra
404 2407 505 2467 neque
522 2386 625 2470 pudor
637 2394 694 2450 est
718 2408 774 2451 cur
790 2407 865 2472 ergo
884 2385 958 2450 olim
970 2385 1161 2470 parsimonia
1178 2386 1336 2471 pollebat?

306 2478 380 2562 qnia
406 2477 466 2542 sibi
491 2478 626 2562 quisque
652 2478 886 2557 moderabatur,
918 2479 991 2561 quia
1016 2479 1108 2544 unius
1134 2479 1220 2544 urbis
1248 2481 1334 2546 cives

306 2594 443 2648 eramus3
470 2594 510 2636 ne
531 2572 731 2652 inritamenta
752 2574 888 2658 quidem
901 2574 1012 2638 eadem
1032 2574 1114 2638 intra
1129 2573 1256 2638 Italiam
1279 2575 1336 2640 do·

306 2664 509 2731 minantibus:
529 2667 664 2732 externis
678 2667 815 2732 victoriis
829 2667 939 2746 aliena,
959 2668 1101 2733 civilibus
1115 2668 1209 2732 etiam
1226 2679 1336 2734 nostra

306 2783 488 2826 consumere
507 2760 683 2826 didicimus.
706 2762 892 2846 quantulum
909 2763 995 2827 istud
1012 2771 1061 2826 est
1078 2763 1117 2826 do
1135 2784 1197 2846 quo
1215 2763 1335 2828 aediles

306 2853 487 2921 admonenti
510 2878 619 2940 quam,
643 2857 671 2921 si
688 2867 791 2922 cetera
812 2858 976 2943 respicias,
999 2857 1033 2922 in
1054 2857 1117 2922 levi
1138 2857 1334 2922 habendum!

306 2961 338 3016 at
354 2949 480 3015 hercule
502 2973 595 3016 nemo
617 2950 713 3016 refert
730 2952 816 3035 quod
833 2951 925 3016 Italia
947 2962 1093 3017 externae
1110 2951 1185 3036 opis
1202 2951 1333 3038 indiget,

263 3049 267 3060 ’
306 3045 391 3130 quod
407 3045 473 3110 vita
494 3046 602 3132 populi
624 3045 760 3111 Romani
781 3068 838 3132 per
854 3047 973 3111 incerta
994 3046 1089 3111 maris
1111 3055 1143 3110 et
1164 3055 1336 3131 tempesta·

306 3151 373 3206 tum
395 3141 508 3206 cotidie
530 3141 678 3220 volvitur3
706 3163 743 3206 ac
764 3139 825 3206 nisi
846 3140 1076 3227 provinciarum
1098 3140 1207 3226 copiae
1228 3149 1261 3204 et
1278 3140 1335 3205 do-

251 3233 255 3239 ’
305 3236 398 3299 minis
416 3245 448 3298 et
466 3235 651 3300 servitiiset
668 3235 752 3320 agris
770 3235 986 3312 subvenerint,
1008 3243 1116 3300 nostra
1137 3256 1195 3300 nos
1214 3233 1334 3299 scilicet

305 3350 433 3392 nemora
457 3329 657 3411 nostraeque
670 3328 762 3393 villae
788 3329 966 3395 tuebuntur.
1002 3329 1098 3406 hanc,
1128 3337 1232 3414 patres
1260 3350 1334 3393 con-

305 3421 420 3504 scripti,
440 3442 546 3485 curam
561 3423 694 3487 sustinet
706 3423 866 3508 princeps3
884 3424 963 3489 haec
977 3425 1094 3489 omissa
1107 3423 1248 3488 funditus
1266 3446 1333 3488 rem

304 3512 462 3599 publicam
488 3515 603 3592 trahet3
629 3516 756 3599 reliquis
783 3517 864 3583 intra
888 3519 1028 3583 animum
1054 3519 1244 3583 medendum
1270 3526 1333 3583 est:

304 3631 361 3674 nos
382 3608 497 3695 pudor,
523 3631 677 3695 pauperes
700 3612 886 3689 necessitas,
913 3613 1025 3678 divitas
1048 3613 1143 3678 satias
1166 3612 1199 3677 in
1220 3613 1333 3677 melius

304 3713 412 3770 mutet.
440 3714 494 3770 aut
512 3705 539 3770 si
556 3705 627 3788 quis
646 3727 685 3770 ex
703 3705 937 3791 magistratibus
956 3716 1075 3773 tantam
1092 3707 1278 3772 industriam
1296 3729 1335 3772 ao

305 3801 502 3866 severitatem
523 3800 688 3887 pollicetur
709 3809 745 3863 ut
761 3800 806 3865 ire
829 3800 954 3866 obviam
976 3812 1085 3885 queat,
1112 3801 1197 3866 bunc
1219 3822 1280 3886 ego
1302 3809 1334 3864 et

304 3896 414 3973 laudo,
436 3905 468 3959 et
490 3894 652 3961 exonerari
673 3892 817 3959 laborum
838 3917 980 3960 meorum
995 3905 1123 3984 partem
1140 3894 1255 3961 fateort
1283 3893 1332 3958 sin

304 4011 451 4054 accusare
472 3989 549 4054 vitia
570 3989 693 4067 volunt,
717 3989 802 4066 dein,
826 4010 898 4053 cum
919 3989 1051 4075 gloriam
1073 3989 1141 4053 eius
1158 3987 1205 4053 rei
1227 3986 1332 4072 adepti

304 4092 386 4160 sunt,
406 4084 579 4149 simultates
592 4085 711 4150 faciunt
728 4105 766 4149 ac
783 4083 860 4148 mihi
876 4082 1062 4168 relinquunt,
1081 4083 1208 4160 credite,
1226 4090 1331 4167 patres

304 4177 480 4261 conscripti,
498 4200 549 4241 me
563 4201 688 4263 quoque
705 4201 769 4246 non
782 4201 851 4245 esse
865 4177 1073 4245 offensionum
1091 4177 1237 4254 avidum3-
1250 4197 1330 4258 quas
