2960 4962
339 445 383 510 92
693 403 1019 508 normanniae-rm

1261 550 1285 582 ι.
1297 543 1380 583 ratis.

338 610 491 680 intellexit
512 629 571 675 neo
592 608 654 674 nisi
671 605 798 672 Tiberio
819 606 1017 691 imperitante
1039 606 1199 692 deprecari
1221 605 1382 675 senatum

338 729 377 772 ac
393 704 566 791 principem
583 725 679 766 ausus
698 710 746 766 est
763 699 811 763 M.
831 697 932 766 Silam
948 699 1053 764 fratris
1070 701 1219 785 potentia,
1239 703 1303 787 qui
1321 725 1383 789 per

338 800 496 886 insignem
513 797 706 862 nobilitatem
724 804 755 858 et
772 793 981 877 eloquentiam
998 795 1216 879 praecellebat.
1242 799 1308 862 sed
1322 799 1354 862 T
1355 799 1382 862 i-

340 894 446 960 berius
468 892 566 979 gratis
589 889 695 976 agenti
717 887 827 953 Silano
847 887 989 972 patribus
1016 910 1122 953 coram
1147 892 1320 976 respondit
1344 914 1380 958 se

340 1009 465 1072 quoque
487 984 594 1051 laetari
616 983 702 1067 qnod
726 982 824 1046 frater
845 981 912 1046 eius
934 1003 953 1048 e
974 981 1221 1068 peregrinatione
1245 985 1381 1071 longin-

338 1103 402 1166 qua
418 1078 610 1155 revertisset,
628 1077 722 1159 idque
739 1076 805 1139 iure
822 1075 955 1152 licitum,
975 1075 1127 1159 quianon
1145 1087 1276 1144 senatus
1298 1101 1380 1144 cou-

339 1174 436 1252 sulte,
462 1197 527 1239 non
551 1171 622 1258 lege
647 1170 758 1256 pulsus
784 1169 879 1248 soret3
907 1169 967 1235 sibi
992 1179 1097 1236 tamen
1119 1172 1273 1238 adversus
1298 1196 1378 1238 eum

338 1269 477 1355 integras
490 1266 627 1353 parentis
642 1264 691 1329 sui
704 1263 903 1341 offensiones,
921 1285 1022 1347 neque
1035 1265 1137 1329 reditu
1151 1262 1253 1331 Silani
1267 1267 1378 1332 disso-

338 1363 405 1427 luta
422 1384 502 1446 quae
520 1359 687 1446 Augustus
705 1358 866 1423 voluisset.
893 1357 954 1423 suit
970 1358 1102 1444 posthac
1119 1360 1153 1424 in
1168 1358 1247 1426 urbe
1266 1383 1376 1446 neque

339 1455 472 1520 honores
491 1455 623 1539 adeptus
641 1461 699 1517 est.

288 1572 322 1618 25
404 1549 550 1614 Relatum
569 1546 682 1611 deinde
700 1545 740 1610 de
757 1545 948 1611 moderanda
965 1545 1066 1632 Papia
1082 1546 1247 1634 Poppaea,
1272 1570 1374 1632 quam

338 1641 441 1708 senior
452 1641 620 1727 Augustus
638 1649 710 1725 poet
722 1639 821 1705 Iuliae
834 1640 1012 1727 rogationes
1030 1641 1195 1706 incitandis
1209 1642 1374 1707 caelibum

237 1787 242 1802 .
338 1737 447 1824 poenis
466 1747 498 1802 et
519 1736 664 1822 augendo
682 1735 801 1800 aerario
819 1746 979 1814 sanxerat3
1002 1758 1060 1800 neo
1077 1737 1149 1820 ideo
1171 1737 1323 1823 coniugia
1342 1747 1374 1801 et

339 1831 539 1897 educationes
556 1830 690 1895 liberum
707 1828 999 1912 frequentabantur,
1021 1829 1201 1915 praevalida
1217 1830 1372 1907 orbitate3

339 1935 477 1990 ceterum
503 1923 670 1989 multitudo
700 1923 941 2009 periclitantium
967 1923 1132 2010 gliscebat,
1164 1946 1236 1988 cum
1264 1925 1371 1990 omnis

339 2020 451 2085 domus
474 2019 648 2086 delatorum
670 2016 974 2102 interpretationibus
997 2017 1241 2094 subverteretur,
1270 2027 1371 2102 utque

251 2159 255 2166 -
339 2115 471 2180 antehac
488 2113 629 2200 flagitiis,
648 2114 693 2178 ita
710 2123 784 2177 tunc
801 2111 924 2198 legibus
942 2111 1150 2177 laborabatur.
1173 2111 1224 2176 Ea
1240 2135 1294 2178 ree
1314 2114 1371 2178 ad-

338 2219 445 2273 monet
470 2217 505 2272 ut
526 2209 565 2272 de
591 2207 751 2293 principiis
777 2206 867 2281 iuris,
895 2215 926 2270 et
947 2205 1063 2288 quibus
1089 2205 1190 2270 modis
1216 2207 1258 2270 ad
1286 2206 1370 2271 hanc

338 2301 568 2366 multitudinem
594 2300 747 2364 infinitam
772 2321 810 2365 ae
835 2299 1018 2364 varietatem
1047 2299 1154 2386 legum
1179 2310 1368 2385 perventum

339 2396 393 2472 eit,
413 2395 505 2459 altius
524 2395 686 2458 disseram.

289 2507 322 2556 26
403 2485 619 2552 Vetustissimi
633 2487 820 2565 mortalium,
834 2485 921 2554 nulla
933 2485 1036 2552 adbuc
1049 2487 1132 2552 mala
1145 2487 1283 2566 libidine,
1299 2490 1367 2554 sinc

338 2579 466 2667 probro,
486 2581 616 2657 scelere,
640 2602 740 2663 eoque
759 2581 824 2646 eine
842 2603 945 2667 poena
962 2591 1017 2645 aut
1034 2581 1273 2648 coercitionibus
1292 2605 1369 2670 age-

328 2675 428 2752 ,bant3
449 2695 550 2757 neque
572 2674 719 2759 praemiis
741 2697 821 2758 opus
844 2684 923 2753 erat,
946 2696 1019 2740 cum
1035 2675 1167 2740 honesta
1189 2685 1302 2761 suopte
1320 2679 1369 2742 in·

338 2768 432 2855 genio
457 2777 649 2854 peterentur3
680 2777 712 2832 et
736 2768 792 2833 ubi
816 2768 894 2832 nihil
920 2778 1028 2834 contra
1057 2791 1175 2833 morem
1205 2781 1366 2855 cuperent,

338 2862 416 2928 nihil
432 2885 488 2949 per
505 2872 624 2928 metum
641 2862 834 2928 vetabantur.
858 2873 891 2928 at
908 2873 1076 2949 postquam
1098 2864 1170 2928 exui
1192 2865 1366 2947 aequalitas

339 2966 370 3022 et
387 2979 444 3043 pro
465 2957 619 3022 modestia
635 2980 673 3022 ac
690 2958 809 3043 pudore
832 2958 960 3023 ambitio
979 2967 1010 3022 et
1027 2958 1075 3023 vie
1093 2957 1271 3036 incedebat,
1295 2982 1367 3045 pro-

277 3125 280 3132 ,
338 3073 453 3118 venere
479 3052 707 3118 dominationes
733 3052 911 3136 multosque
934 3052 1019 3138 apud
1043 3052 1177 3138 populos
1203 3061 1366 3118 aeternum

338 3169 496 3225 mansere3
514 3147 641 3231 quidam
660 3147 774 3225 statim,
794 3155 847 3212 aut
864 3156 1031 3232 postquam
1048 3168 1158 3232 regum
1175 3155 1366 3232 pertaesum,

338 3240 425 3328 leges
439 3242 623 3306 maluerunt.
646 3241 705 3308 hae
722 3242 824 3326 primo
836 3239 966 3306 rudibus
980 3239 1142 3305 bominum
1160 3240 1272 3305 animis
1292 3241 1367 3305 sim-

337 3335 435 3420 plices
449 3343 546 3411 erant,
565 3335 764 3418 maximeque
777 3335 863 3399 fama
875 3335 1044 3400 celebravit
1058 3332 1265 3411 Cretensium,
1286 3353 1366 3418 quas

337 3426 459 3503 Minos,
480 3423 720 3511 Spartanorum,
739 3449 818 3510 quas
836 3428 1022 3514 Lycurgus,
1045 3450 1083 3493 ae
1100 3451 1174 3492 mox
1190 3426 1366 3492 Athenien·
1391 3433 1399 3442 '

338 3518 425 3585 sibus
450 3520 655 3602 quaesitiores
681 3521 746 3585 iam
766 3531 799 3585 et
819 3522 924 3607 plures
949 3521 1027 3589 Solo
1052 3522 1247 3610 perscripsit:
1273 3521 1365 3588 nobie

337 3613 507 3690 Romulus,
525 3623 561 3678 ut
577 3613 714 3692 libitum,
732 3615 977 3700 imperitaverat3
996 3617 1069 3682 dein
1086 3617 1191 3684 Numa
1206 3615 1366 3703 reilgioni-

338 3707 398 3773 bus
416 3717 448 3773 et
464 3706 570 3773 divino
587 3708 654 3773 iure
671 3708 823 3794 populum
840 3709 989 3787 devinxit,
1008 3719 1192 3796 repertaque
1210 3711 1364 3796 quaedam

338 3801 470 3868 aTullo
487 3812 518 3868 et
534 3800 642 3881 Anoo;
661 3803 718 3868 sed
738 3803 925 3889 praecipuus
945 3803 1075 3869 Servius
1094 3803 1217 3868 Tullius
1241 3811 1366 3870 sanctor

319 3896 445 3984 degum
462 3895 535 3974 fuit,
554 3897 625 3982 quie
644 3897 738 3962 etiam
754 3919 846 3984 reges
865 3897 1124 3984 obtemperarent.

288 4010 319 4058 ar
401 3989 501 4056 Pulso
515 3991 687 4076 Tarquinio
705 3991 872 4056 adversum
885 4001 1009 4078 patrum
1027 3991 1179 4056 sactiones
1197 3989 1296 4054 multa
1308 4012 1364 4075 po·

337 4084 430 4169 pulue
453 4086 576 4171 paravit
597 4087 730 4152 tuendae
752 4086 902 4152 libertatis
925 4095 957 4151 et
977 4086 1147 4151 firmandae
1170 4084 1363 4162 concordiae,

338 4177 495 4264 creatique
512 4177 681 4246 decemviri
699 4189 730 4246 et
747 4180 854 4246 accitis
872 4201 953 4265 quae
971 4202 1106 4265 usquam
1124 4178 1260 4266 egregia,
1279 4199 1364 4244 com-
