2960 4962
386 448 596 508 huuanluu
613 451 753 510 L1a1v.
771 452 891 507 as-ar.
1086 441 1149 510 127

126 542 239 594 acuas
328 561 338 579 .

124 610 166 676 ab
192 609 263 694 ipsis
285 608 450 692 quondam
474 606 650 686 incensum,
677 607 729 674 cui
753 631 869 675 nomen
884 609 1011 689 Auzea,
1038 613 1148 697 positis

124 702 295 788 mapalibus
315 702 512 778 consedisse,
529 702 605 768 fisos
622 702 705 780 loco,
723 704 799 786 quia
814 705 913 769 vastis
931 706 1047 770 circum
1064 707 1150 773 salti-

124 798 185 864 bus
202 796 419 862 claudebatur:
446 805 513 860 tum
535 797 697 881 expeditae
720 797 863 864 cohortes
886 799 1030 884 alaeque,
1056 823 1149 884 quam

123 896 156 958 in
173 903 292 978 partem
309 892 499 956 ducerentur
515 891 657 977 ignarae,
681 891 742 956 cito
764 893 889 978 agmine
911 894 1086 980 rapiuntur,
1110 896 1150 960 si-

123 986 247 1070 mulque
270 993 402 1070 coeptus
426 985 508 1062 dies,
532 993 563 1048 et
584 994 738 1050 concentu
759 986 906 1052 tubarum
927 1009 965 1052 ac
987 988 1068 1052 truci
1088 988 1151 1053 ola-

122 1104 208 1148 mcre
224 1082 357 1146 aderant
375 1079 580 1144 semisomnos
598 1080 632 1143 in
648 1079 812 1158 barbaros,
834 1081 1024 1167 praepeditis
1041 1081 1152 1147 Numi·

123 1177 231 1242 darum
244 1175 335 1260 cquis
350 1182 404 1238 aut
418 1173 559 1238 diversos
571 1182 681 1259 pastus
689 1175 931 1259 pererrantibus.
950 1175 990 1241 ab
998 1175 1150 1242 Romanis

122 1272 279 1337 confertus
293 1269 402 1355 pedes,
421 1269 591 1353 dispositae
605 1278 735 1346 turmae,
754 1279 868 1334 cuncta
879 1270 998 1355 proelio
1010 1270 1149 1355 provisa:

123 1364 263 1430 hostibus
283 1371 392 1428 contra
409 1363 549 1427 omnium
566 1363 680 1428 nesciis
698 1385 762 1428 nou
780 1385 880 1440 arma,
897 1386 961 1428 uon
978 1365 1069 1441 ordo,
1087 1385 1151 1429 non

122 1460 301 1536 consilium,
326 1458 383 1522 sed
400 1479 549 1542 pecorum
571 1458 666 1522 modo
688 1459 782 1536 trahi,
805 1459 920 1536 occidi,
943 1460 1022 1544 capi.
1049 1457 1151 1523 infen-

123 1577 177 1620 sus
193 1555 284 1620 miles
302 1553 453 1617 memoria
465 1552 609 1618 laborum
627 1561 658 1618 et
675 1554 843 1619 adversum
857 1555 1010 1620 eludentis
1025 1564 1149 1640 optatae

122 1649 233 1714 totiens
255 1669 436 1733 pugnaees
458 1647 590 1730 quisque
613 1648 730 1714 ultione
748 1657 780 1712 et
797 1649 949 1734 sauguine
971 1648 1148 1734 explebant.

122 1741 262 1808 differtur
283 1763 341 1826 per
361 1740 553 1827 manipulos,
577 1739 809 1807 Tacfarinatem
831 1765 954 1822 omnes,
976 1753 1086 1809 notum
1104 1752 1150 1808 tot

120 1835 259 1920 proeliis,
289 1844 520 1901 consectentur:
548 1858 610 1901 non
632 1836 704 1900 nisi
719 1836 799 1901 duce
820 1837 983 1902 interfecto
1010 1837 1150 1920 requiem

122 1928 194 1994 belli
219 1929 303 2006 fore3
331 1938 364 1994 at
385 1929 437 1993 ille
460 1929 588 1994 deiectis
615 1930 733 1995 drcum
756 1930 956 2015 stipatoribus
982 1931 1150 2013 vinctoque

122 2022 183 2088 iam
198 2023 265 2088 filio
284 2032 314 2087 et
331 2022 441 2087 effusis
458 2023 597 2108 undiquc
615 2023 767 2089 Romanis
785 2024 905 2088 ruendo
922 2023 956 2086 in
973 2022 1036 2086 tela
1053 2021 1151 2107 capti-

122 2117 248 2182 vitatem
266 2117 353 2182 haud
369 2117 469 2183 inulta
486 2128 585 2182 morte
603 2117 729 2203 effugit;
752 2117 842 2199 isque
859 2115 931 2180 finis
950 2115 1044 2180 armis
1062 2115 1151 2199 inpo-

123 2211 208 2276 situs.
231 2209 418 2276 Dolabellae
435 2211 554 2296 petenti
571 2211 681 2277 abnuit
699 2208 899 2295 triumphalia
916 2208 1072 2286 Tiberius,
1093 2205 1151 2272 Se-
1169 2227 1201 2276 26
1225 2261 1227 2266 -

121 2303 191 2370 iano
208 2304 360 2381 tribuens,
378 2326 418 2368 ne
435 2305 552 2382 Blaesi,
571 2304 718 2370 avunculi
736 2303 818 2382 eius,
836 2304 906 2368 laus
925 2300 1134 2368 obsolesceret
1140 2327 1149 2380 ;

123 2399 177 2462 scd
193 2419 296 2482 neque
313 2397 449 2463 Blaesus
470 2398 542 2463 ideo
559 2397 732 2476 inlustrior,
757 2405 788 2462 et
805 2397 878 2461 huic
899 2405 1032 2483 negatus
1050 2395 1150 2462 honor

123 2493 253 2578 gloriam
265 2493 411 2557 intendit:
429 2493 545 2579 quippe
559 2494 678 2558 minore
692 2493 829 2558 exercitu
847 2492 979 2579 insignis
997 2491 1148 2578 captivos,

123 2591 250 2656 caedem
271 2589 360 2654 ducis
378 2589 513 2673 bellique
531 2589 666 2654 confecti
686 2589 805 2654 famam
822 2589 1008 2674 deportarat.
1040 2610 1150 2672 seque-

122 2681 234 2748 bantur
250 2692 283 2747 et
296 2680 523 2748 Garamantum
536 2683 641 2769 legati,
660 2705 730 2748 raro
743 2683 776 2748 iu
789 2682 867 2748 urbe
884 2683 954 2761 visi,
973 2705 1053 2767 quos
1069 2683 1150 2748 Tac-

123 2777 253 2843 larinate
266 2799 358 2843 caeso
367 2777 511 2863 perctdsa
524 2799 603 2866 gens
616 2787 650 2842 ut
663 2777 775 2863 culpae
787 2777 893 2842 nescia
901 2778 942 2842 ad
956 2776 1150 2843 satisfacien-

123 2871 195 2937 dum
217 2871 335 2958 populo
356 2872 502 2937 Romano
523 2872 660 2937 miserat.
688 2872 822 2959 cognitis
846 2871 959 2936 dehinc
975 2870 1150 2935 Ptolemaei

123 2987 177 3050 per
193 2967 228 3030 id
244 2966 362 3031 bellum
381 2967 492 3032 studiis
509 2967 661 3052 repetitus
680 2989 720 3031 ex
737 2975 862 3031 vetusto
876 2987 953 3043 mor,
971 2964 1149 3046 missusque

122 3081 139 3123 e
155 3059 353 3126 senatoribus
370 3061 425 3144 qui
443 3061 614 3145 scipionem
633 3059 802 3136 eburnum,
822 3067 929 3142 togam
945 3056 1075 3141 pictam,
1095 3077 1150 3120 an-

123 3155 206 3239 tiqua
231 3165 358 3240 patrum
383 3173 526 3234 munera,
554 3156 643 3220 daret
668 3173 839 3239 regemque
862 3159 893 3215 et
915 3150 1035 3216 socium
1057 3157 1150 3231 atque

123 3249 256 3314 amicum
274 3248 463 3334 appellaret:

181 3342 307 3407 Eadem
326 3349 444 3408 aestate
465 3353 552 3408 mota
572 3365 629 3427 per
645 3341 769 3406 Italiam
792 3339 913 3406 servilis
936 3337 1009 3404 belli
1032 3336 1151 3402 semina
1169 3353 1199 3402 22
1315 3415 1319 3420 ι

123 3433 183 3501 fors
211 3437 382 3520 oppressit:
415 3446 523 3501 auctor
548 3435 701 3500 tumultus
728 3433 767 3499 Τ.
797 3433 967 3512 Curtisius,
992 3431 1151 3517 quondam

122 3531 293 3612 praetoriae
306 3531 442 3596 cohortis
456 3531 558 3607 miles,
576 3529 677 3615 primo
691 3529 833 3596 coetibus
847 3528 1047 3594 clandestinis
1064 3525 1151 3612 apud

122 3621 326 3689 Brundisium
348 3635 380 3689 et
397 3625 596 3690 circumiecta
613 3622 743 3710 oppida,
765 3645 840 3689 mox
860 3623 971 3709 positis
987 3620 1151 3708 propalam

122 3714 232 3783 libellis
251 3719 293 3783 ad
310 3718 485 3785 libertatem
504 3718 637 3784 vocabat
654 3719 790 3805 agrestia
810 3739 868 3803 per
883 3715 1071 3801 longinquos
1090 3711 1151 3776 sal-

123 3820 169 3878 tus
188 3823 220 3878 et
237 3813 357 3878 ferocia
374 3814 514 3891 servitia,
538 3834 609 3878 cum
627 3814 715 3878 velut
730 3833 859 3877 munero
877 3810 971 3874 deum
990 3816 1052 3870 tres
1069 3804 1151 3868 bire-

122 3929 185 3974 mes
213 3910 364 3996 adpulere
391 3910 432 3974 ad
457 3929 535 3974 usus
561 3907 804 3974 commeantium
829 3904 883 3968 illo
909 3900 1002 3977 mari3
1029 3907 1061 3962 et
1085 3906 1152 3960 erat

122 4000 219 4068 isdem
245 3997 429 4090 regionibus
453 4001 567 4070 Cutius
589 4004 706 4087 Lupus
731 4005 891 4082 quaestor,
919 3994 971 4059 cui
991 3991 1152 4078 provincia

122 4109 223 4165 vetere
242 4121 284 4164 ex
301 4120 388 4165 more
401 4099 496 4165 calles
510 4099 691 4164 evenerant:
709 4096 737 4159 is
755 4091 908 4177 disposita
921 4087 1150 4156 classiariorum

123 4196 209 4280 copia
222 4202 421 4280 coeptantem
437 4215 509 4261 cum
522 4193 659 4258 maxime
673 4186 916 4256 coniurationem
926 4183 1048 4252 disiecit
1052 4208 1062 4262 ;
1075 4182 1150 4249 mis·
