2960 4962
325 437 385 504 138
671 445 855 504 CORNELII
868 443 1001 501 Tuom

1241 543 1361 582 aava

321 610 343 674 ii
356 607 562 674 dumeminus
576 603 809 692 grassabantur,
824 602 933 668 crebra
944 613 977 668 et
984 603 1084 669 inulta
1091 605 1222 671 vulnera
1230 607 1361 674 fecere:

320 703 449 790 propius
463 700 650 770 ,incedentes
673 698 835 784 eruptione
857 697 961 764 subita
987 698 1102 764 turbati
1121 709 1198 764 sunt
1218 701 1362 787 recepti-

321 819 383 880 que
401 794 542 860 subsidio
562 790 759 880 Sugambrae
777 791 926 868 cohortis,
950 813 1046 876 quam
1063 792 1226 860 Romanus
1244 816 1361 880 prom-

321 899 409 976 ptam
425 889 468 954 ad
479 887 617 974 pericula
633 907 692 951 nec
704 885 886 951 minuscan
826 895 976 951 cantuum
993 894 1025 950 et
1042 907 1200 952 armorum
1213 889 1359 954 tumultu

322 996 440 1048 trucem
458 981 543 1046 haud
559 979 694 1067 procul
684 987 883 1046 instruxerat.

271 1098 303 1146 48
386 1077 553 1143 Translata
570 1075 682 1140 dehinc
700 1083 803 1139 castra
824 1073 948 1138 hostem
964 1083 1104 1159 propter,
1126 1029 1242 1140 relictis
1265 1077 1356 1160 apud

320 1174 424 1258 priora
445 1171 638 1236 munimenta
655 1167 830 1232 Threcibus
852 1188 932 1250 quos
954 1166 1046 1232 nobis
1068 1167 1213 1234 adfuisse
1229 1191 1356 1234 memo-

320 1267 401 1344 ravi,
428 1265 530 1348 iisque
551 1263 741 1370 permissum
762 1271 901 1339 vastare,
928 1283 1033 1339 urere,
1060 1261 1182 1327 trahere
1202 1263 1352 1348 praedas,

321 1361 396 1426 dum
412 1359 572 1448 populatio
588 1355 717 1422 lucem
708 1367 790 1420 rutra
807 1347 967 1420 sisteretur
983 1364 1168 1439 noctemque
1185 1356 1218 1421 in
1237 1357 1351 1424 castris

321 1463 419 1518 tutam
442 1462 473 1516 et
494 1451 622 1537 vigilem
648 1457 861 1534 capesserent;
835 1449 921 1513 tid
946 1449 1047 1534 primo
1074 1459 1247 1514 servatum:
1274 1473 1351 1515 mox

320 1546 403 1611 versi
420 1545 454 1609 in
469 1545 579 1608 luxum
597 1552 629 1608 et
646 1543 743 1628 raptis
761 1542 901 1628 opulenti
919 1543 1060 1608 omittere
1078 1542 1237 1621 stationes,
1257 1543 1350 1610 lusci-

319 1640 371 1704 via
384 1638 545 1723 epularum
563 1646 618 1702 aut
631 1658 741 1702 somno
759 1646 791 1701 et
807 1637 882 1702 vinc
894 1636 1109 1722 procumbere.
1131 1636 1228 1723 igitur
1239 1637 1349 1704 hostes

319 1733 439 1798 incuria
456 1753 564 1796 eorum
578 1739 725 1816 conperta
742 1730 804 1795 duo
818 1730 945 1816 agmina
960 1738 1082 1814 parant,
1099 1751 1233 1814 quornm
1251 1731 1349 1797 altero

318 1826 517 1912 populatores
530 1824 760 1902 invaderentur,
779 1824 832 1889 alii
845 1833 947 1890 castra
959 1824 1104 1894 Romana
1121 1825 1348 1912 mlpugnarent,

318 1944 383 1986 ιιοιι
400 1942 455 2005 spe
473 1919 631 2005 capiendi,
655 1919 712 1984 sed
729 1927 764 1984 nt
786 1918 935 1996 clamore,
958 1918 1043 1995 telis,
1066 1941 1124 1985 suo
1142 1919 1277 2004 quisque
1294 1941 1351 2006 pe·

318 2014 415 2080 riculo
428 2015 566 2080 intentus
580 2035 725 2081 sonorem
738 2012 866 2078 alterius
878 2012 989 2098 proelii
1002 2035 1067 2078 non
1079 2013 1248 2098 acciperet;
1263 2023 1350 2080 tene-

319 2109 393 2173 brae
414 2108 542 2193 insuper
564 2107 702 2172 delectae
725 2106 902 2193 augendam
917 2107 961 2172 ad
981 2105 1190 2172 formidinem.
1218 2107 1277 2172 sed
1293 2108 1349 2192 qui

319 2202 436 2266 vallum
457 2202 619 2288 legionum
640 2199 847 2285 temptabant,
875 2199 967 2265 facile
988 2199 1160 2285 pelluntur3
1188 2199 1349 2266 Threcum

319 2295 435 2360 auxilia
456 2296 618 2380 repentino
639 2295 769 2360 incursu
789 2294 908 2371 territa,
932 2316 1004 2359 cum
1024 2316 1099 2380 pars
1120 2294 1347 2360 munitionibus

312 2389 508 2468 adiacerent,
530 2390 636 2475 plures
656 2399 744 2454 extra
760 2388 954 2474 palarentur,
973 2396 1062 2453 tanto
1079 2387 1233 2454 infensius
1252 2389 1347 2466 eaesi,

319 2490 435 2566 quanto
448 2482 600 2570 perfugae
619 2492 650 2548 et
661 2483 835 2569 proditores
849 2482 931 2547 ferre
945 2505 1032 2547 arma
1049 2482 1091 2547 ad
1108 2504 1201 2549 suum
1213 2481 1349 2567 patriae-

319 2599 379 2660 que
398 2577 559 2647 servitium
576 2577 810 2643 incusabantur.
902 2597 905 2602 ·

267 2691 299 2739 49
381 2671 515 2736 Postera
532 2671 583 2736 die
602 2669 741 2736 Sabinus
760 2670 931 2736 exercitum
949 2693 1049 2754 aequo
1066 2670 1136 2736 loco
1154 2669 1299 2748 ostendit,
1320 2671 1349 2736 si

318 2764 442 2829 barbari
456 2787 606 2832 successu
618 2764 718 2830 noctis
732 2765 850 2830 alacres
864 2765 1017 2850 proelium
1030 2764 1194 2841 auderent3
1211 2773 1244 2829 et
1259 2774 1349 2849 post-

318 2880 413 2942 quam
436 2859 565 2925 castello
583 2868 637 2924 aut
654 2859 829 2944 coniunctis
847 2858 976 2923 tumulis
993 2880 1058 2922 non
1075 2857 1347 2943 degrediebantur,

318 2952 475 3017 obsidium
498 2954 600 3039 eoepit
621 2976 677 3039 per
697 2951 866 3039 praesidia,
894 2974 975 3036 quae
997 2960 1170 3037 opportune
1192 2951 1256 3016 iarn
1279 2975 1349 3016 mu-

318 3044 437 3124 niebat3
460 3047 534 3112 dein
555 3047 676 3112 fossam
697 3047 888 3130 loricamque
910 3055 1079 3111 contexens
1098 3053 1245 3128 quattuor
1261 3045 1349 3110 milia

319 3141 608 3226 passuum-ambitu
629 3141 794 3226 amplexus
812 3149 869 3206 est.
901 3149 969 3204 tum
985 3139 1151 3224 paulatim,
1175 3148 1210 3204 ut
1232 3160 1349 3221 aquam

319 3234 532 3318 pabulumque
550 3236 695 3320 eriperet,
715 3234 896 3300 contrahere
915 3234 1051 3299 claustra
1068 3242 1198 3317 artaque
1215 3231 1349 3297 circum-

318 3328 406 3402 dare;
430 3337 461 3390 et
478 3328 656 3392 struebatur
673 3349 785 3413 agger,
808 3328 892 3392 unde
910 3351 1001 3404 saxa,
1020 3327 1145 3404 hastae,
1168 3326 1257 3412 ignes
1275 3347 1349 3410 pro-

317 3420 470 3503 pinquum
485 3419 550 3485 iam
568 3421 602 3485 in
617 3421 741 3486 hostem
758 3421 942 3487 iacerentur.
966 3421 1023 3488 sed
1040 3420 1117 3485 nihil
1135 3440 1234 3504 aeque
1251 3440 1348 3502 quam

318 3512 385 3577 sitis
399 3511 562 3598 fatigabat,
581 3536 654 3578 cum
671 3515 783 3600 ingens
797 3515 964 3581 multitudo
982 3515 1168 3583 bellatorum
1184 3511 1348 3578 inbellium

317 3627 381 3671 unc
402 3605 522 3689 reliquo
548 3605 635 3672 fonte
660 3617 834 3687 uterentnr3
862 3610 1018 3694 simulque
1041 3615 1195 3684 armenta,
1220 3614 1256 3670 ut
1277 3627 1348 3672 mos

317 3701 468 3779 barbaris,
487 3701 574 3766 iuxta
592 3701 708 3780 clausa,
727 3711 866 3790 egestate
879 3703 988 3788 pabuli
1001 3701 1171 3768 exanimari
1177 3725 1186 3778 ;
1204 3699 1348 3764 adiacere

318 3818 447 3881 corpora
472 3795 650 3874 hominum,
677 3818 756 3880 quos
782 3795 927 3874 vulnera,
954 3819 1035 3880 quos
1063 3796 1132 3860 sitis
1158 3800 1347 3879 peremerat;

317 3889 415 3973 pollui
441 3899 553 3956 cuncta
579 3892 679 3969 sanie,
706 3891 816 3969 odore,
843 3899 998 3956 contactu.
1030 3889 1188 3972 rebusque
1214 3884 1369 3950 turbatis¹

317 3983 436 4049 molum
453 3994 627 4052 extremum
645 3985 800 4054 discordia
817 3984 963 4062 accessit,
986 3983 1035 4050 his
1054 3983 1258 4057 deditionem,
1277 3978 1347 4044 aliis

318 4088 450 4143 mortem
467 4089 499 4144 et
516 4091 642 4146 mutuos
660 4081 741 4146 inter
763 4102 797 4147 se
814 4079 895 4146 ictus
916 4080 1115 4167 parantibus3
1138 4087 1170 4142 et
1186 4086 1275 4142 erant
1291 4075 1347 4158 qui

269 4187 301 4236 so
318 4191 382 4234 ιιοιι
407 4172 541 4238 inultum
567 4175 696 4242 exitium
723 4175 781 4240 sed
810 4175 1005 4260 eruptionem
1031 4173 1208 4240 suaderent.
1243 4191 1346 4254 neque
