3020 4958
419 416 624 474 assamur
641 417 716 472 nm.
730 418 794 476 xv.
811 420 915 475 a-rs.
1114 383 1192 474 289'

147 523 168 561 p.
178 509 223 551 Ch.
234 512 269 550 62.

146 580 215 644 lum
239 577 302 643 sibi
324 575 383 641 sed
404 597 535 660 corpora
556 585 586 639 et
608 599 695 640 arma
717 575 749 640 in
770 575 894 640 hostem
911 575 985 642 data
1003 577 1175 655 clamitans,

147 673 240 737 duxit
253 672 398 758 legiones
412 669 503 753 quasi
514 669 632 754 proelio
646 679 827 734 certatruus.
851 670 963 736 deinde
977 673 1092 736 amisso
1106 695 1178 737 cen-

147 768 274 832 turione
293 774 327 830 et
343 759 452 850 paucis
471 763 636 847 militibus,
664 786 742 847 quos
761 765 899 830 visendis
922 763 1059 832 hostium
1081 768 1177 852 copiis

148 859 369 946 praemiserat,
388 858 527 943 trepidus
545 860 704 935 remeavit,
724 871 756 924 ct
772 859 846 942 quia
863 860 967 924 minus
986 861 1097 924 acriter
1114 859 1179 924 Vo-

146 956 279 1040 logeses
297 952 461 1028 institerat,
480 975 561 1016 vana
577 975 685 1016 rursus
698 951 814 1018 fiducia
831 953 890 1019 tria
902 953 988 1018 milia
1001 953 1113 1018 delecti
1125 975 1180 1039 pe-

147 1049 224 1114 ditis
247 1046 394 1131 proximo
416 1045 513 1109 Tauri
535 1045 610 1132 iugo
632 1045 797 1132 imposuit,
824 1068 887 1130 quo
908 1048 1073 1114 transitum
1096 1047 1179 1132 regis

147 1149 310 1217 arcerent3
336 1139 437 1204 alares
464 1160 588 1222 quoque
610 1139 806 1217 Pannonios,
833 1140 928 1206 robur
950 1141 1120 1224 equitatus,
1147 1140 1187 1214 iu¹

147 1244 242 1320 parte
260 1233 365 1318 campi
381 1232 477 1310 locat;
505 1232 620 1298 coniux
637 1255 674 1298 ac
691 1233 774 1298 filius
796 1234 938 1312 castello,
960 1235 1011 1298 cui
1028 1233 1181 1298 Arsamo-

149 1338 223 1393 sata
249 1349 365 1392 nomen
392 1335 453 1402 est,
482 1325 593 1403 abditi,
620 1327 694 1391 data
719 1327 752 1391 irr
773 1327 965 1412 praesidium
991 1327 1117 1394 cohorte
1143 1348 1180 1390 ac

150 1423 299 1507 disperso
315 1419 427 1497 milite,
451 1419 505 1503 qui
526 1419 559 1483 in
577 1442 640 1485 uno
658 1419 783 1486 habitus
801 1409 918 1508 vaguin
936 1422 1058 1486 hostem
1076 1442 1180 1505 prom-

149 1516 239 1601 ptius
249 1513 498 1579 sustentavisset
516 1511 591 1577 ”et
600 1535 692 1600 aegre
702 1515 896 1600 compulsum
907 1515 1010 1581 ferunt
1020 1525 1054 1580 ut
1061 1515 1181 1579 instan-

151 1621 218 1674 tem
229 1605 404 1673 Corbuloni
415 1606 572 1672 fateretur.
592 1629 651 1672 nec
664 1607 871 1674 aCorbrdone
884 1620 1098 1696 properatum,
1117 1630 1179 1692 quo

152 1702 362 1792 gliscentibus
379 1702 525 1788 periculis
544 1703 638 1768 etiam
656 1703 788 1768 subsidii
804 1704 873 1770 laus
892 1715 1066 1794 augeretur.
1086 1726 1181 1789 expe-

154 1799 214 1864 diri
240 1808 348 1862 tamen
372 1797 476 1861 itineri
502 1797 627 1884 singula
651 1797 737 1862 milia
759 1820 798 1862 ex
825 1799 924 1864 tribus
950 1799 1126 1885 legionibus
1149 1807 1181 1862 et

155 1891 270 1958 alarios
289 1890 499 1978 octingentos,
517 1914 625 1978 parem
642 1913 808 1958 numerum
826 1915 843 1956 e
861 1894 1040 1958 cohortibus
1058 1891 1158 1956 iussit.

219 1987 267 2050 At
288 1984 479 2071 Vologeses,
506 1985 650 2069 quamvis
669 1984 802 2052 obsessa
819 2009 839 2051 a
855 1985 955 2051 Paeto
977 1986 1088 2050 itinera
1108 1982 1181 2046 hinc
1203 2005 1228 2049 rr

153 2082 297 2168 peditatu
313 2080 387 2144 inde
405 2081 507 2164 equite
526 2081 712 2166 accepisset,
730 2080 808 2145 nihil
825 2089 945 2144 mutato
963 2079 1106 2154 consili0,
1126 2075 1183 2140 scd

156 2177 188 2240 ri
205 2197 243 2240 ac
260 2175 354 2239 minis
372 2175 473 2239 alares
491 2176 649 2252 exterruit,
668 2175 858 2262 legionarios
876 2173 1016 2250 obtrivit,
1035 2194 1097 2236 uno
1116 2180 1183 2234 tan-

156 2282 223 2335 tum
246 2269 428 2334 centurione
445 2269 609 2353 Tarquitio
629 2269 800 2358 Crescente
819 2269 942 2346 turrim,
964 2268 998 2332 in
1015 2289 1078 2351 qua
1094 2285 1184 2350 prae-

157 2365 273 2430 sidium
281 2363 431 2448 agitabat,
451 2363 618 2429 defendere
632 2386 710 2429 auso
723 2364 870 2448 factaque
884 2362 1008 2448 saepius
1022 2358 1183 2446 eruptione

157 2468 188 2524 et
206 2457 307 2522 caesis
324 2457 379 2540 qui
397 2457 599 2523 barbarorum
616 2459 747 2545 propius
764 2457 1061 2546 suggrcdiebantur,
1083 2455 1183 2518 donec

157 2553 278 2638 ignium
304 2551 389 2616 iactu
414 2551 703 2633 circumveniretur3
734 2555 876 2639 peditum
903 2552 931 2620 si
956 2552 1026 2637 quis
1051 2551 1182 2636 integer,

156 2647 330 2732 longinqua
347 2655 379 2710 et
395 2646 475 2724 avia,
493 2647 646 2712 vulnerati
660 2659 763 2713 castra
775 2648 957 2734 repetivere,
976 2648 1121 2712 virtutem
1135 2666 1184 2709 re—

156 2741 216 2828 gis,
236 2740 400 2804 saevitiam
417 2751 448 2804 et
465 2741 572 2827 copias
590 2742 740 2828 gentium,
760 2754 873 2810 cuncta
889 2753 975 2808 metu
989 2741 1184 2816 extollentes,

156 2835 245 2900 t'acili
262 2834 447 2900 credulitate
462 2856 571 2900 eorum
588 2837 643 2919 qui
661 2839 771 2902 eadem
788 2837 958 2923 pavebant;
975 2859 1016 2900 ne
1033 2836 1099 2899 dux
1116 2834 1185 2917 qui-

156 2930 231 2993 dem
249 2927 347 2994 obniti
365 2930 515 3006 adversis,
534 2930 591 2996 sed
608 2941 722 2996 cuncta
735 2931 863 2996 militiae
876 2929 983 2994 munia
995 2930 1184 3002 deseruerat,

113 3071 118 3079 -
157 3023 265 3089 missis
287 3024 399 3089 iterum
422 3025 463 3090 ad
485 3023 700 3091 Corbulonem
721 3025 880 3111 precibus,
903 3023 1023 3087 veniret
1043 3043 1185 3107 propere,

158 3119 252 3204 signa
269 3127 300 3181 ct
317 3117 437 3200 aquilas
455 3128 487 3183 et
503 3141 619 3184 nomen
634 3119 790 3203 reliquum
805 3117 937 3184 infelicis
951 3115 1105 3180 exercitus
1119 3123 1187 3178 tue-

157 3223 258 3276 retur:
277 3234 312 3276 se
328 3212 424 3276 fidem
440 3212 575 3290 interim,
594 3215 696 3278 donec
713 3213 779 3300 vita
796 3211 982 3298 subpeditet,
1000 3217 1185 3276 retenturos.

224 3305 283 3370 Ille
292 3305 450 3371 interritus
460 3317 491 3370 et
504 3318 592 3392 parte
610 3307 772 3393 copiarum
786 3308 871 3393 apud
880 3304 1006 3392 Syriam
1017 3303 1135 3381 relicta,
1150 3312 1185 3367 ut
1206 3321 1235 3368 rs

159 3399 355 3464 munimenta
367 3400 523 3486 Euphrati
541 3402 679 3488 inposita
694 3402 910 3480 retinerentur,
928 3423 991 3486 qua
1007 3400 1186 3487 proximum

161 3505 193 3558 et
219 3494 445 3560 commeatibus
471 3518 536 3560 non
561 3519 711 3583 egenum,
742 3496 903 3583 regionem
926 3494 1185 3581 Commagenam,

161 3589 246 3652 exim
265 3587 515 3674 Cappadociam,
533 3591 607 3657 inde
623 3587 793 3657 Armenios
811 3591 935 3678 petivit;
959 3588 1187 3654 comitabantur

162 3683 334 3747 exercitum
354 3693 478 3769 praeter
499 3684 561 3748 alia
578 3695 670 3750 sueta
689 3684 772 3750 bello
794 3706 910 3769 magna
931 3682 979 3746 vis
998 3678 1188 3744 camelorum

162 3786 275 3842 onusta
301 3777 463 3856 frumenti,
491 3789 526 3842 ut
548 3778 642 3844 simul
664 3779 787 3844 hostem
809 3778 988 3855 famemque
1010 3769 1187 3855 depelleret.

161 3872 298 3956 primum
316 3895 333 3936 e
350 3872 503 3957 perculsis
520 3872 687 3949 Paccium,
704 3869 798 3956 primi
814 3869 870 3954 pili
888 3863 1115 3938 centurionem,
1133 3860 1189 3925 ob-

162 3964 251 4029 vium
268 3962 387 4044 habuit,
406 3966 480 4032 dein
492 3965 660 4052 plerosque
674 3964 822 4038 militum;
840 3981 920 4042 quos
934 3956 1075 4020 diversas
1092 3953 1188 4039 fugae

162 4081 277 4124 causas
298 4058 504 4126 obtendentes
526 4060 627 4125 redire
651 4057 693 4122 ad
715 4056 806 4140 signa
827 4063 859 4117 et
880 4048 1077 4116 clementiam
1099 4046 1190 4112 Paeti

162 4154 299 4252 experipi
315 4155 477 4225 monebat:
496 4177 530 4221 se
549 4155 610 4220 nisi
628 4150 798 4218 victoribus
819 4146 973 4213 immitem
990 4167 1070 4210 esse.
1097 4144 1190 4210 simul

219 4271 291 4316 racto
301 4274 342 4315 sor.
353 4272 371 4315 r.
983 4255 1019 4312 19
