3042 4956
234 495 239 503 .
335 416 397 482 238
687 423 869 479 eonuanu
883 420 1012 478 raom

1257 525 1277 554 a.
1287 527 1309 555 u.
1319 517 1369 556 809.

334 597 366 652 et
382 585 483 652 obviis
501 583 632 649 vulnera
644 581 802 658 inferrent,
822 581 973 645 adversus
990 580 1117 666 ignaros
1135 582 1226 659 adeo,
1246 594 1282 648 ut
1299 585 1370 670 ipse

334 701 459 764 quoque
478 679 635 763 exciperet
651 677 733 740 ictus
752 685 784 740 et
801 697 853 740 ore
870 674 1055 760 praeferret;
1078 674 1191 740 deinde
1210 677 1266 742 ubi
1286 677 1371 743 Cae-

336 798 438 841 sarem
460 795 530 840 esse
552 773 607 856 qui
627 780 823 858 grassaretur
843 770 1014 854 pernotuit,
1037 770 1298 857 augebanturque
1320 775 1371 838 in-

334 869 432 934 iuriae
450 869 601 933 adversus
620 868 702 931 viros
716 865 912 947 feminasque
929 865 1080 950 insignes,
1101 875 1132 930 et
1149 867 1280 949 quidam
1297 891 1371 954 per-

335 965 433 1029 missa
456 963 552 1028 semel
574 961 700 1027 lieentia
722 959 781 1026 sub
804 958 930 1024 nomine
952 959 1086 1025 Neronis
1112 961 1204 1025 inulti
1230 964 1368 1048 propriis

336 1080 408 1122 cum
425 1057 528 1144 globis
547 1057 656 1121 eadem
674 1053 873 1131 exercebant,
896 1053 929 1117 in
947 1054 1076 1118 modum
1094 1055 1285 1139 captivitatis
1303 1080 1369 1122 nox

336 1153 500 1239 agebatur3
524 1151 687 1233 Inhusque
709 1149 881 1214 Montanus
906 1149 1053 1212 senatorii
1075 1149 1208 1227 ordinis,
1233 1152 1292 1215 sed
1314 1152 1368 1235 qui

336 1247 476 1312 nondum
498 1246 648 1310 honorem
671 1243 873 1329 capessisset‚
897 1264 1086 1328 congressus
1108 1243 1188 1308 forte
1207 1266 1265 1329 per
1282 1254 1369 1310 tene-

336 1341 409 1407 bras
428 1363 500 1406 oum
517 1341 667 1426 principe,
686 1340 760 1424 quia
777 1339 809 1403 vi
826 1347 1030 1402 attentantem
1048 1339 1160 1404 aeriter
1176 1341 1367 1425 reppulerat,

336 1436 448 1500 deinde
458 1435 620 1520 adgnitum
634 1443 784 1511 oraverat,
799 1432 890 1516 quasi
904 1433 1131 1518 exprobrasset,
1146 1435 1227 1498 mori
1236 1436 1367 1500 adactus

336 1538 393 1594 est.
415 1529 499 1594 Nero
519 1538 585 1592 tum
607 1529 793 1594 metuentior
810 1529 843 1591 in
861 1537 1021 1613 posterum
1039 1527 1152 1592 milites
1172 1528 1233 1592 sibi
1251 1537 1284 1592 et
1301 1530 1367 1614 ple-

335 1641 449 1706 rosque
467 1623 656 1709 gladiatores
675 1623 892 1699 circumdedit,
911 1622 966 1704 qui
983 1622 1120 1686 rixarum
1137 1622 1227 1686 initia
1244 1624 1369 1688 modica

336 1727 366 1780 et
379 1717 470 1800 quasi
483 1717 604 1802 privata
618 1717 767 1783 sinerent:
783 1717 810 1781 si
823 1741 843 1782 a
855 1717 949 1781 laesis
962 1715 1096 1780 validius
1110 1726 1265 1802 ageretur,
1281 1741 1370 1782 arma

335 1811 520 1878 inferebant.
548 1811 700 1877 ludicram
718 1833 843 1896 quoqne
860 1811 1022 1876 licentiam
1037 1819 1068 1876 et
1085 1811 1224 1903 fautores
1242 1811 1369 1876 histrio-

335 1931 412 1972 num
434 1908 520 1972 velut
541 1907 575 1972 in
591 1906 710 1992 proelia
733 1907 886 1972 convertit
907 1905 1080 1991 inpunitate
1103 1915 1134 1969 et
1155 1906 1304 1990 praemiis
1323 1916 1370 1970 at-

337 2016 398 2079 que
415 1993 484 2079 ipse
502 1993 642 2058 occultus
661 2001 692 2058 et
709 1993 893 2078 plerumque
911 2013 1017 2056 eoram
1033 2000 1247 2076 prospectans,
1268 1991 1370 2056 donee

337 2088 473 2154 discordi
494 2088 611 2173 populo
634 2096 665 2151 et
686 2087 838 2174 gravimh
861 2095 965 2150 motus
989 2095 1104 2150 terrore
1126 2108 1189 2150 non
1212 2085 1299 2150 aliud
1320 2109 1370 2150 re-

338 2184 476 2249 medium
489 2192 646 2267 repertum
659 2191 716 2259 est,
735 2203 829 2265 quam
842 2189 878 2245 ut
890 2179 1057 2246 histriones
1075 2179 1167 2244 Italia
1179 2177 1371 2266 pellerentur

337 2279 490 2361 milesque
508 2277 629 2341 theatro
647 2299 771 2341 rursum
789 2276 955 2341 adsideret.

280 2365 319 2442 ‘aa
401 2370 465 2435 Per
481 2371 565 2434 idem
583 2379 706 2455 tempus
729 2380 834 2435 actum
850 2370 884 2433 in
902 2377 1013 2434 senatu
1033 2368 1074 2434 de
1092 2366 1256 2432 fraudibus
1274 2367 1372 2432 liber-

337 2475 449 2541 torum,
470 2463 739 2548 efflagitatumque
756 2475 792 2528 ut
809 2465 960 2528 adversus
978 2463 1059 2527 male
1073 2462 1199 2526 meritos
1217 2483 1372 2526 revocan-

338 2559 396 2622 dae
414 2557 564 2622 libertatis
582 2557 631 2622 ius
650 2559 789 2641 patronis
809 2559 947 2634 daretur3
966 2579 1024 2621 nec
1043 2557 1170 2620 deerant
1188 2556 1242 2638 qui
1260 2577 1373 2620 cense-

337 2661 420 2728 rent;
449 2651 505 2715 sed
530 2649 675 2715 eonsules
701 2651 884 2716 relationem
909 2648 1047 2736 incipere
1073 2647 1137 2715 non
1162 2650 1231 2714 ausi
1256 2650 1371 2735 ignaro

337 2745 490 2832 principe,
509 2744 717 2829 perscripsere
736 2755 840 2810 tamen
853 2767 1048 2813 ,consensum
1065 2754 1208 2809 senatus:
1226 2743 1278 2807 ille
1299 2742 1370 2830 [an]

339 2849 447 2906 auctor
469 2838 697 2904 constitutionis
719 2839 820 2917 fieret,
849 2850 882 2903 nt
904 2840 984 2903 inter
1004 2861 1121 2924 paucos
1146 2841 1176 2902 ei
1197 2837 1371 2902 sententiae

339 2936 489 3000 adversos
516 2933 705 3018 quibusdam
731 2935 875 3000 coalitam
900 2934 1043 2998 libertate
1069 2933 1309 2998 inreverentiam
1332 2953 1372 2996 eo

338 3029 519 3116 prorupisse
546 3029 765 3106 frementibus,
792 3041 826 3093 ut
847 3029 919 3093 vine
941 3051 982 3091 an
1004 3049 1104 3110 aequo
1131 3049 1203 3091 oum
1229 3026 1371 3110 patronis

340 3125 407 3188 iure
430 3133 558 3210 agerent
582 3121 784 3210 [sententiam
806 3119 927 3206 eorum]
948 3121 1162 3186 consultarent
1178 3141 1215 3184 ac
1234 3118 1373 3184 verberi-

340 3216 399 3281 bus
410 3241 521 3282 manus
531 3217 612 3282 ultro
626 3218 835 3292 intenderent3
848 3217 993 3301 impetere
1003 3215 1053 3279 vel
1063 3236 1196 3300 poenam
1206 3235 1296 3277 suam
1305 3213 1373 3278 dis-

341 3310 523 3387 suadentes3
542 3311 618 3392 quid
632 3311 716 3376 enim
729 3311 814 3375 aliud
825 3309 911 3376 laeso
925 3319 1056 3394 patrone
1070 3329 1255 3374 concessum
1273 3327 1373 3389 quam

339 3411 374 3464 ut
397 3405 601 3467 centesimum
625 3404 705 3468 ultra
730 3404 866 3487 lapidem
893 3405 1034 3468 ineram
1058 3401 1251 3487 Campaniae
1276 3399 1374 3466 liber-

340 3509 406 3558 tum
424 3495 561 3581 releget?
579 3506 698 3560 ceteras
711 3497 849 3561 actiones
863 3498 1036 3582 promiscas
1055 3507 1085 3562 et
1102 3518 1194 3581 pares
1213 3516 1298 3560 esse:
1318 3494 1375 3558 tri·

340 3589 500 3657 buendum
514 3589 642 3673 aliquod
654 3591 750 3655 telum
760 3591 844 3674 quod
853 3593 958 3677 sperni
967 3601 1115 3674 nequeat3
1129 3612 1187 3654 nec
1195 3611 1292 3676 grave
1305 3611 1375 3652 ma-

340 3686 488 3752 numissis
499 3687 646 3772 peridem
656 3685 841 3770 obsequium
855 3687 1009 3751 retinendi
1022 3685 1206 3760 libertatem,
1221 3705 1278 3768 per
1286 3681 1375 3766 quod

342 3781 482 3846 adsecuti
496 3781 557 3846 sint
562 3805 571 3860 ;
585 3791 616 3846 at
630 3781 793 3846 criminum
807 3780 991 3846 manifestos
1009 3780 1119 3845 merito
1134 3779 1174 3844 ad
1188 3776 1374 3842 servitutem

338 3877 465 3955 retrahi,
480 3887 515 3941 ut
525 3887 611 3942 metu
619 3886 907 3960 coerceanturquos
918 3875 1069 3940 beneficia
1078 3897 1141 3940 non
1151 3871 1372 3937 mutavissent.

290 3989 322 4038 ar
406 3970 631 4038 Disserebatur
644 3982 765 4037 conus:
782 3991 953 4057 paucorum
967 3969 1091 4054 eulpam
1109 3967 1187 4053 ipsis
1206 3965 1374 4031 exitiosam

343 4087 413 4130 esse
435 4065 562 4144 debere3
585 4067 662 4131 nihil
683 4065 901 4132 universorum
918 4064 978 4129 iuri
1000 4062 1230 4149 derogandum:
1253 4058 1373 4144 quippe

342 4157 403 4221 lats
425 4158 531 4222 fusum
557 4159 590 4223 id
612 4181 738 4245 corpus3
766 4159 838 4224 hinc
863 4159 1047 4244 plerumque
1074 4155 1188 4230 tribus,
1215 4152 1373 4230 decurias,
