3020 4958
407 439 612 495 AXNALIUM
624 439 700 493 LIB.
713 439 777 495 XV.
794 441 913 496 43-46.
1105 431 1169 496 303

136 543 158 582 a
169 531 211 572 ca
221 533 256 571 ar.

135 600 234 687 pebat
250 621 315 664 non
332 599 430 663 modo
446 597 672 684 perIudaeam
690 598 841 684 originem
860 599 928 663 eius
942 600 1025 678 mali,
1045 601 1101 665 sed
1112 625 1170 688 per

135 695 250 759 urbem
263 694 372 770 etiarn,
390 714 453 776 qno
467 702 581 756 cuncta
592 691 731 775 undique
744 693 861 757 abacia
874 704 928 757 aut
940 695 1087 779 pudenda
1095 718 1169 761 con-

136 789 240 852 fluunt
257 787 528 869 celebranturque.
544 786 642 871 igitur
658 786 795 870 primum
813 788 946 872 correpti
959 789 1015 871 qui
1027 788 1170 854 fateban-

136 895 201 961 tur,
222 883 339 947 deinde
360 881 478 945 indicio
494 902 605 945 eorum
621 880 790 945 multitudo
806 881 919 968 ingens
936 882 1022 946 baud
1038 882 1169 968 proinde

135 979 170 1041 in
191 976 324 1042 crimine
345 974 484 1040 incendii
509 997 605 1058 quam
631 975 704 1040 odio
729 975 860 1040 humani
884 977 1009 1063 generis
1036 977 1169 1042 convicti

136 1081 228 1150 sunt3
255 1081 288 1136 et
308 1069 514 1157 pereuntibus
536 1069 644 1134 addita
670 1069 819 1148 ludibria,
846 1081 883 1136 ut
907 1072 1046 1137 serarum
1072 1073 1169 1158 tergis

136 1166 276 1232 contecti
291 1165 414 1229 laniatu
429 1186 544 1228 canum
561 1163 736 1242 interirent,
760 1174 814 1230 aut
831 1165 976 1231 crucibus
994 1166 1098 1243 affixi,
1116 1177 1170 1231 aut

136 1259 334 1337 dammandi,
352 1269 445 1342 atquc
462 1258 518 1324 ubi
531 1258 698 1324 defecisset
715 1259 794 1337 dies,
812 1261 845 1323 in
857 1283 950 1325 usum
962 1261 1106 1326 nocturni
1122 1259 1170 1325 lu-

137 1356 234 1420 minis
251 1364 428 1419 urerentur.
450 1353 558 1419 hortos
577 1375 651 1418 suos
669 1354 699 1417 ei
717 1355 897 1439 spectaculo
913 1355 997 1420 Nero
1014 1355 1169 1421 obtulerat

139 1461 171 1515 et
193 1450 347 1514 circense-
363 1448 518 1512 ludicrum
546 1447 672 1525 edebat,
704 1447 815 1514 babitu
841 1451 969 1538 aurigae
994 1451 1168 1536 permixtus

138 1543 226 1630 plebi
243 1543 296 1607 vel
315 1542 470 1607 curriculo
496 1541 655 1606 insistens.
678 1542 776 1620 unde,
803 1566 994 1629 quamquam
1016 1546 1168 1611 adversus

140 1647 249 1703 sontes
268 1647 300 1701 et
316 1636 490 1701 novissima
505 1636 651 1721 exempla
667 1638 805 1716 meritos,
824 1640 983 1728 miseratio
1001 1641 1167 1718 oriebatur,

140 1743 304 1816 tamquam
320 1753 386 1795 non
402 1731 534 1796 utilitate
551 1731 680 1816 publica
697 1733 753 1796 sed
770 1732 803 1797 in
822 1735 984 1800 saevitiam
1001 1736 1095 1801 unius
1114 1735 1169 1802 ab·

140 1835 348 1891 sumerentur.
522 1891 524 1895 ,

203 1921 331 1984 Interea
348 1919 545 1986 conferendis
562 1921 704 2006 pecuniis
722 1931 903 2006 pervastata
918 1921 1024 2000 Italia,
1043 1925 1170 2008 provin·
1187 1941 1220 1986 rs

138 2014 207 2079 ciac
234 2036 365 2079 eversae
388 2014 526 2098 sociique
551 2015 662 2101 populi
688 2026 826 2097 atquae
853 2014 1026 2080 civitatium
1052 2016 1169 2081 liberae

138 2117 306 2185 vocantur,
329 2108 425 2192 inque
443 2131 513 2174 eam
534 2109 685 2194 praedam
703 2109 798 2173 etiam
820 2109 864 2173 dii
881 2129 1005 2174 cessere
1028 2109 1169 2195 spoliatis

137 2203 173 2268 in
189 2202 269 2268 urbe
288 2203 413 2287 templis
431 2213 603 2289 egestoque
617 2225 703 2281 auro,
722 2203 807 2287 quod
820 2201 996 2289 triumphis,
1015 2205 1101 2289 quod
1114 2227 1170 2269 vc·

139 2297 181 2360 tis
198 2297 302 2362 omnis
324 2297 433 2383 populi
449 2297 587 2362 Romani
608 2307 695 2362 aetas
716 2319 867 2383 prospere
889 2297 993 2362 autin
1015 2307 1102 2364 metu
1120 2319 1170 2362 sa-

138 2401 292 2456 craverat.
320 2392 479 2457 enimvero
500 2414 558 2478 per
574 2391 689 2458 Asiam
712 2402 805 2477 atque
823 2392 980 2458 Achaiam
1001 2416 1065 2459 non
1087 2395 1170 2460 dona

140 2496 263 2550 tantum
283 2487 339 2550 sed
358 2485 525 2551 simulacra
545 2487 711 2552 numinum
732 2486 979 2574 abripiebantur,
1007 2487 1114 2554 missis
1137 2487 1170 2552 in

139 2601 194 2644 eas
212 2579 392 2664 provincias
410 2579 530 2646 Acrato
548 2603 586 2645 ac
605 2578 753 2647 Secundo
773 2580 950 2662 Carrinate3
969 2583 1021 2648 ille
1033 2582 1168 2649 libertus

139 2673 329 2757 cuicumque
346 2673 465 2760 flagitio
483 2683 661 2761 promptus3
682 2675 734 2740 hic
752 2673 876 2744 Graeca
893 2677 1035 2744 doctriua
1053 2701 1106 2744 ore
1124 2673 1170 2744 te‘-

138 2789 200 2832 nus
218 2769 374 2834 exercitus
392 2769 532 2834 animum
550 2769 640 2835 bonis
659 2770 778 2836 artibus
796 2794 860 2836 uon
877 2772 1029 2838 induerat.
1048 2773 1170 2838 fereba-

140 2874 192 2926 tur
220 2859 357 2939 Seneca,
385 2885 448 2947 quo
474 2863 625 2928 invidiam
653 2864 809 2950 sacrilegii
834 2888 854 2928 a
880 2875 980 2930 semet
1006 2875 1169 2944 averteret,

140 2955 309 3041 longinqui
325 2957 407 3021 ruris
427 2979 589 3022 secessum
607 2958 761 3035 oravisse,
781 2967 812 3021 et
828 2966 997 3042 postquam
1015 2980 1079 3022 non
1097 2980 1171 3023 con-

140 3049 326 3128 cedebatur,
345 3052 419 3116 ficta
436 3051 625 3129 valetudine,
645 3051 737 3136 quasi
749 3073 843 3138 aeger
856 3050 971 3128 nervis,
991 3049 1170 3115 cubiculum

140 3166 205 3208 non
221 3167 380 3230 egressus.
404 3146 559 3211 tradidere
576 3145 704 3230 quidam
722 3167 879 3210 venenum
901 3145 931 3209 ei
951 3167 1008 3231 per
1025 3143 1170 3208 libertum

140 3237 252 3323 ipsius,
272 3239 323 3303 cui
339 3263 454 3305 nomen
474 3238 652 3317 Cleonicus,
671 3249 815 3324 paratum
831 3239 922 3304 iussu
939 3239 1073 3304 Neronis
1091 3239 1171 3304 vita-

141 3340 271 3416 tumque
290 3357 310 3398 a
320 3331 442 3400 Seneca
458 3335 634 3420 proditione
651 3333 755 3399 liberti
773 3356 830 3398 seu
848 3334 973 3422 propria
990 3333 1168 3412 formidine,

141 3426 218 3490 dum
235 3427 429 3514 persimplici
445 3430 531 3494 victu
548 3438 580 3494 et
597 3427 775 3515 agrestibus
792 3429 906 3516 pomis,
926 3452 963 3495 ac
982 3430 1009 3496 si
1028 3430 1096 3496 sitis
1114 3430 1170 3496 ad-

141 3530 292 3598 moneret,
310 3522 484 3609 profluente
502 3545 584 3606 aqua
600 3523 698 3588 vitam
716 3523 835 3590 tolerat.

205 3613 372 3682 Paridem
389 3626 514 3702 tempus
532 3617 723 3704 gladiatores
741 3620 826 3704 apud
838 3618 988 3704 oppidum
997 3618 1169 3700 Praeneste
1187 3628 1219 3675 -tt

141 3717 294 3793 temptata
313 3711 477 3797 eruptione
499 3710 655 3797 praesidio
681 3712 804 3788 militis,
827 3712 882 3795 qui
905 3720 1011 3776 custos
1034 3710 1168 3786 adesset,

141 3804 270 3868 coerciti
292 3815 381 3883 sunt,
409 3805 474 3870 iam
493 3803 684 3890 Spartacum
708 3814 739 3870 ct
760 3814 868 3870 vetera
888 3803 972 3868 mala
992 3801 1169 3867 rumoribus

140 3895 262 3962 ferente
288 3900 421 3986 populo,
444 3910 480 3964 ut
500 3909 551 3966 cst
571 3921 724 3965 novarum
745 3919 850 3961 rerum
873 3896 1002 3982 cupiens
1019 3893 1169 3980 pavidus-

140 4015 213 4076 que.
232 4016 293 4059 nec
310 3996 410 4062 multo
427 4006 499 4082 post
517 3996 623 4063 clades
636 3995 683 4060 rei
696 3993 816 4058 navalis
829 3991 990 4076 accipitur,
1010 4012 1073 4055 non
1087 3989 1169 4055 bello

139 4125 182 4134 -
201 4088 319 4176 quippe
337 4089 423 4155 haud
445 4090 522 4156 alias
541 4100 606 4154 tam
623 4090 753 4153 immota
775 4109 838 4172 pax
856 4123 897 4133 -
918 4083 974 4150 sed
991 4092 1110 4150 certum
1129 4085 1169 4152 ad

139 4180 225 4246 diem
248 4182 282 4246 in
302 4181 511 4271 Campaniam
537 4184 638 4249 redire
665 4181 799 4248 classem
820 4180 904 4246 Nero
926 4180 1074 4261 iusserat,
1106 4205 1168 4248 non
