2960 4962
328 461 371 527 96
679 469 861 528 CORNELII
876 467 1008 524 TAOITI

1252 567 1277 598 a.
1290 569 1315 598 u.
1328 559 1377 598 77⁴.

329 630 456 708 milites,
474 627 590 696 habere
608 627 648 692 ud
665 649 792 692 manum
811 626 1006 692 centuriones
1012 649 1021 703 ;
1043 624 1243 709 praesedisse
1265 648 1382 710 nuper

329 723 479 790 feminam
501 721 648 788 exercitio
670 720 857 799 cohortium,
885 721 1019 784 decursu
1040 719 1211 805 legionum.
1241 719 1381 805 cogita-
1466 795 1467 806 χ

329 826 399 882 rent
416 817 487 902 ipsi,
505 815 649 899 quotiens
662 814 903 899 repetundarum
921 813 1018 896 aliqui
1035 822 1252 899 arguerentur,
1276 813 1381 898 plura

331 910 480 976 uxoribus
508 908 670 985 obiectari3
701 907 750 972 his
777 908 882 973 statim
909 907 1131 971 adhaerescere
1157 906 1379 972 deterrimum

330 1025 486 1088 quemque
507 1001 757 1089 provincialium,
781 1001 822 1066 ab
839 1001 888 1066 his
911 1001 1038 1087 negotia
1056 999 1186 1085 suscipi,
1210 999 1377 1085 transigi3

331 1099 464 1164 duorum
490 1119 636 1183 egressus
658 1095 733 1172 coli,
761 1095 824 1160 duo
850 1117 920 1160 esse
945 1095 1113 1180 praetoria,
1141 1094 1377 1179 pervicacibus

332 1192 433 1278 magis
451 1202 482 1256 et
498 1189 710 1277 inpotentibus
728 1189 892 1254 mulierum
906 1189 1010 1266 iussis,
1030 1211 1110 1273 quae
1126 1186 1243 1275 Oppiis
1263 1211 1378 1272 quon-

332 1287 405 1352 dam
431 1286 562 1370 aliisque
587 1285 710 1371 legibus
737 1284 936 1361 constrictae,
963 1306 1048 1348 nune
1073 1283 1184 1348 vinclis
1207 1281 1375 1348 exsolutis

332 1381 455 1457 domos,
474 1379 556 1456 sora,
575 1380 638 1443 iam
656 1388 687 1442 et
704 1379 858 1443 exercitus
875 1387 1028 1464 regerent.

282 1490 315 1540 et
395 1472 575 1538 Paucorum
601 1472 678 1536 haec
704 1473 841 1536 adsensu
865 1472 984 1536 audita:
1010 1471 1115 1557 plures
1138 1469 1372 1546 obturbabant,

331 1590 433 1652 neque
450 1567 582 1632 relatum
599 1567 639 1630 (le
656 1567 784 1651 negotio
800 1589 903 1649 neque
918 1565 1087 1632 Caecinam
1105 1567 1236 1652 dignum
1254 1575 1373 1630 tantae

331 1663 377 1727 rei
394 1683 565 1726 censorem.
587 1683 662 1725 mox
678 1660 825 1726 Valerius
843 1661 1052 1739 Messalinus,
1071 1661 1122 1726 cui
1138 1682 1253 1746 parens
1272 1659 1374 1723 Mes-

333 1756 399 1822 sala
415 1755 576 1838 iueratque
589 1754 693 1840 imago
706 1764 853 1839 paternae
871 1755 1050 1831 facundiae,
1068 1754 1242 1840 respondit:
1261 1752 1374 1817 multa

333 1850 463 1914 duritiae
480 1858 622 1913 veterum
638 1852 672 1913 ia
690 1849 801 1913 melius
820 1859 851 1914 et
868 1850 979 1914 laetius
993 1857 1126 1928 mutata;
1145 1871 1247 1932 neque
1265 1847 1370 1920 enim,

332 1955 368 2008 ut
385 1943 468 2020 olim,
487 1942 628 2008 adsidere
642 1941 751 2006 urbem
765 1942 855 2008 bellis
874 1952 928 2007 aut
939 1943 1116 2028 provincias
1134 1942 1256 2007 hostilis
1275 1962 1369 2015 essm

333 2051 365 2103 et
381 2059 482 2123 pauca
500 2035 687 2100 feminarum
703 2036 941 2101 necessitatibus
964 2036 1107 2113 concedi,
1130 2057 1210 2119 quae
1227 2057 1268 2100 ne
1288 2057 1370 2100 cou-

333 2133 443 2218 iugum
465 2131 592 2214 quidem
613 2139 756 2216 penates,
780 2130 858 2194 adeo
881 2130 983 2195 socios
1004 2151 1067 2195 non
1090 2139 1233 2208 onerent3
1258 2138 1369 2194 cetera

333 2226 490 2312 promisca
499 2243 579 2289 ‘cum
596 2224 721 2301 marito,
745 2246 804 2288 nee
821 2223 919 2288 ullum
936 2224 970 2288 in
987 2245 1025 2288 eo
1046 2225 1133 2309 pacis
1156 2223 1368 2308 impedimen-

334 2330 410 2383 tum.
433 2317 515 2382 bella
532 2317 624 2401 plane
638 2318 784 2382 accinctis
799 2316 957 2396 obeunda3
976 2319 1032 2383 sed
1044 2317 1270 2382 revertentibus
1289 2323 1367 2402 post

333 2412 472 2477 laborem
494 2412 578 2494 quod
600 2412 762 2476 honestius
785 2433 881 2495 quam
906 2413 1051 2477 uxorium
1073 2413 1306 2478 levamentum?
1333 2419 1367 2474 at

333 2505 487 2588 quasdam
512 2504 546 2567 in
571 2504 773 2570 ambitionem
799 2515 854 2570 aut
875 2507 1036 2571 avaritiam
1062 2506 1239 2592 prolapsas:
1267 2504 1366 2588 quid?

334 2599 474 2684 ipsonrm
494 2597 734 2683 magistratuum
755 2621 858 2664 nonne
879 2600 1045 2686 plerosque
1067 2601 1161 2665 variis
1179 2599 1365 2664 libidinibus

335 2691 507 2756 obnoxios?
527 2713 591 2756 non
613 2701 718 2756 tamen
735 2692 806 2757 ideo
829 2693 987 2757 neminem
1008 2694 1041 2758 in
1058 2693 1252 2779 provinciam
1269 2692 1364 2756 mitti.

335 2793 495 2872 corruptos
519 2807 613 2870 saepe
634 2786 839 2871 pravitatibus
862 2809 997 2852 uxorum
1017 2788 1159 2854 maritos:
1185 2808 1262 2856 uum
1285 2807 1365 2872 ergo

336 2879 437 2944 omnis
456 2879 590 2944 caelibes
604 2879 761 2966 integros?
778 2881 934 2965 placuisse
953 2882 1110 2964 quondam
1126 2879 1249 2966 Oppias
1262 2879 1363 2965 leges,

338 2974 383 3038 sio
405 2972 596 3059 temporibus
619 2973 828 3058 reipublicae
850 2974 1095 3059 postulantibus3
1118 2975 1284 3039 remissum
1308 2976 1365 3047 ali-

337 3067 413 3152 quid
425 3077 535 3153 postea
550 3077 584 3134 et
601 3067 786 3154 mitigatum,
805 3069 879 3152 quia
893 3067 1071 3153 expedierit.
1094 3067 1210 3132 frustra
1222 3078 1363 3134 nostram

337 3163 495 3249 ignaviam
513 3163 574 3228 alia
595 3163 636 3227 ad
653 3162 807 3230 vocabula
828 3162 1002 3228 transferri:
1023 3184 1098 3226 nam
1115 3161 1173 3225 viri
1189 3161 1223 3225 in
1241 3183 1279 3226 eo
1298 3161 1365 3226 cul-

336 3279 424 3342 pam,
443 3257 471 3321 si
488 3255 605 3321 femina
622 3257 751 3344 modurn
769 3257 908 3322 excedat.
935 3277 1028 3342 porro
1045 3254 1087 3321 ob
1104 3255 1196 3319 unius
1215 3264 1270 3320 aut
1286 3255 1365 3320 alte-

336 3351 400 3413 rius
414 3348 593 3413 inbecillum
607 3350 745 3419 animum
759 3350 840 3416 male
858 3351 935 3437 eripi
953 3350 1071 3416 maritis
1086 3348 1241 3414 consortia
1257 3372 1363 3414 rerum

338 3441 544 3504 secundarum
566 3441 839 3525 adversarumque.
872 3444 964 3508 simul
988 3467 1099 3509 sexum
1119 3453 1232 3508 natura
1252 3443 1365 3508 invali-

336 3532 412 3596 dum
433 3532 535 3616 deseri
557 3543 589 3597 et
610 3535 724 3618 exponi
747 3558 803 3600 suo
825 3536 915 3614 luxu,
943 3537 1140 3623 cupidinibus
1159 3537 1282 3614 alienis3
1309 3538 1364 3601 vix

336 3626 492 3712 praesenti
510 3626 652 3692 custodia
668 3649 794 3692 manere
815 3629 935 3694 inlaesa
956 3631 1114 3718 coniugia:
1138 3631 1214 3714 quid
1231 3629 1313 3708 fore,
1337 3631 1365 3694 si

336 3720 515 3806 perplures
534 3743 631 3785 annos
649 3720 682 3784 in
699 3721 828 3787 modum
846 3723 969 3787 discidii
990 3723 1223 3789 oblitterentur?
1244 3724 1290 3788 sic
1308 3723 1366 3788 ob-

337 3814 421 3878 viam
438 3813 519 3879 irent
534 3815 574 3880 iis
592 3835 673 3898 quae
691 3814 764 3880 alibi
781 3826 998 3901 peccarentur,
1017 3828 1052 3882 ut
1069 3818 1264 3904 flagitiorum·
1276 3816 1363 3882 urbis

338 3908 561 3974 meminissent.
593 3909 713 3974 addidit
733 3931 834 3995 pauca
855 3909 982 3976 Drusus
1005 3912 1045 3976 de
1072 3911 1267 3975 matrimonio
1291 3933 1363 3974 suo:

338 4023 411 4064 nam
428 4001 620 4088 principibus
639 4005 782 4070 adeunda
800 4004 924 4089 saepius
942 4004 1115 4091 longinqua
1131 4003 1267 4090 imperii3
1286 4024 1365 4086 quo-

339 4094 419 4160 tiens
445 4097 552 4162 divum
578 4097 762 4185 Augustum
787 4099 821 4164 in
847 4097 1053 4165 Occidentem
1079 4109 1172 4184 atque
1200 4096 1365 4164 Orientem

339 4188 493 4254 meavisse
507 4191 620 4256 comite
632 4193 740 4259 Livial
760 4215 794 4258 se
812 4215 936 4280 quoquo
953 4195 986 4260 in
998 4195 1159 4281 Illyricum
1176 4192 1363 4280 profectum,
