2960 4962
402 451 609 510 ANNALIUM
627 453 701 508 LlB.
715 454 765 511 IV.
784 455 904 510 71-73.
1106 445 1168 510 149

128 549 390 701 hdiewhorentes
412 610 575 697 privignos
597 632 670 675 cum
690 633 747 696 per
768 611 925 678 oecultum
952 613 1166 692 subvertisset,

128 706 385 776 misericordiam
403 693 480 800 erga
497 705 638 770 adflictos
656 704 761 790 polam
779 705 966 772 ostentabat.

191 801 326 867 Eodem
352 821 440 864 anno
461 797 569 876 Frisii,
601 799 844 864 transrhenanus
875 800 1025 885 populus,
1056 823 1167 886 pacem
1186 824 1217 871 ra

128 919 263 972 exuere,
286 903 397 959 nostra
413 893 515 978 magis
538 893 668 958 avaritia
689 914 784 976 quam
805 894 949 978 obsequii
970 895 1166 980 inpatientes.

129 991 288 1056 tributum
305 989 344 1054 iis
358 988 487 1053 Drusus
500 987 635 1052 iusserat
646 987 805 1052 modicum
818 1011 876 1073 pro
890 989 1036 1076 angustia
1053 1011 1166 1065 rerum,

129 1084 224 1148 utin
246 1104 326 1147 usus
349 1081 499 1146 militares
526 1080 610 1144 coria
631 1079 727 1145 boum
749 1082 933 1166 penderent,
960 1104 1024 1146 non
1049 1082 1168 1148 intenta

129 1178 324 1259 cuiusquam
350 1197 440 1251 cura,
467 1195 548 1257 quae
574 1173 746 1252 firmitudo,
773 1197 854 1259 quae
879 1197 1041 1254 mensura,
1067 1176 1168 1242 donec

130 1268 295 1336 Olennius
313 1291 331 1332 e
349 1267 592 1353 primipilaribus
614 1267 761 1352 regendis
777 1268 888 1334 Frisiis
907 1269 1061 1355 inpositus
1080 1279 1169 1355 terga

130 1385 264 1429 urorum
281 1362 401 1447 delegit
422 1383 555 1445 quorum
576 1360 618 1425 ad
635 1361 768 1426 formam
792 1362 1018 1448 acciperentur;
1042 1363 1075 1428 id
1096 1363 1166 1428 aliis

129 1479 262 1541 quoque
279 1455 459 1521 nationibus
478 1455 624 1531 arduum,
643 1456 728 1540 apud
747 1453 922 1522 Germanos
941 1457 1100 1522 difficilius
1119 1466 1167 1522 to-

130 1550 303 1628 lerabatur,
323 1549 394 1632 quis
411 1548 586 1635 ingentium
597 1548 761 1614 beluarum
778 1550 898 1615 feraces
918 1551 1026 1629 saltus,
1045 1551 1168 1616 modica

130 1645 220 1712 domi
246 1652 389 1710 armenta
414 1651 496 1708 sunt.
528 1665 566 1707 ac
587 1643 688 1728 primo
714 1643 811 1708 boves
833 1644 935 1728 ipsos,
962 1666 1037 1710 mox
1062 1667 1165 1730 agros,

131 1749 295 1826 postremo
317 1760 448 1823 corpora
468 1737 640 1824 coniugum
658 1746 713 1802 aut
729 1737 899 1805 liberorum
921 1739 1047 1805 servitio
1065 1738 1167 1804 trade-

131 1833 224 1911 bant;
246 1832 323 1898 hinc
344 1832 392 1896 ira
413 1841 445 1895 et
466 1841 611 1914 questus,
634 1840 666 1895 et
687 1840 854 1916 postquam
875 1855 939 1898 non
961 1832 1167 1898 subvenieba-

132 1937 197 2004 tur,
219 1926 397 1990 remedium
415 1947 456 1990 ex
472 1924 569 2003 bellc;
593 1925 673 2010 rapti
691 1926 746 2009 qui
769 1925 884 1991 tributo
902 1927 1031 2012 aderant
1052 1927 1166 1992 milites

131 2030 163 2085 et
180 2019 325 2106 patibulo
343 2019 454 2096 adfixi3
481 2016 637 2085 Olennius
660 2019 801 2084 infensos
824 2019 902 2104 fuga
918 2021 1092 2105 praevenit,
1119 2042 1168 2084 re-

132 2123 244 2200 ceptus
272 2113 402 2178 castello
429 2113 480 2177 cui
505 2135 621 2177 nomen
646 2113 795 2190 Flevum3
823 2122 854 2176 et
880 2113 965 2178 haud
992 2115 1167 2199 spernenda

131 2209 195 2274 illic
213 2209 333 2274 civium
351 2208 568 2291 sociorumque
586 2230 697 2274 manus
715 2206 806 2273 litora
820 2205 943 2272 Oceani
958 2208 1165 2293 praesidebat.
1184 2265 1187 2269 .

197 2301 299 2385 Quod
315 2300 371 2366 ubi
388 2302 430 2365 L.
448 2298 602 2386 Apronio,
619 2301 775 2368 inferioris
795 2298 984 2366 Germaniae
1001 2324 1058 2388 pro
1075 2323 1166 2387 prae·
1185 2322 1216 2369 73

133 2406 209 2474 tore,
228 2396 403 2482 cognitum,
422 2395 536 2460 vexilla
548 2395 709 2481 legionum
728 2417 744 2458 e
763 2395 922 2480 superiore
935 2396 1096 2481 provincia
1112 2419 1167 2481 pe·

133 2490 299 2573 ditumque
317 2493 349 2553 et
367 2489 506 2574 equitum
521 2489 718 2555 auxiliarium
732 2489 870 2554 delectos
889 2489 1002 2557 accivit
1019 2512 1056 2554 ac
1073 2489 1167 2554 simul

134 2595 303 2668 utrumque
317 2584 489 2652 exercitum
501 2583 615 2649 Rheno
629 2585 794 2650 devectum
807 2583 918 2649 Frisiis
931 2584 1044 2662 intulit,
1063 2585 1166 2650 soluto

133 2679 195 2742 iam
213 2677 337 2748 castelli
350 2676 473 2743 obsidio
492 2687 523 2742 ct
541 2679 582 2742 ad
600 2701 658 2743 sua
670 2679 800 2743 tutanda
813 2675 964 2765 digressis
981 2678 1165 2757 rebellibus3

132 2773 229 2860 igitur
245 2771 391 2857 proxima
403 2773 559 2838 aestuaria
572 2773 741 2860 aggeribus
760 2783 791 2838 et
807 2773 957 2859 pontibus
976 2774 1166 2838 traducendo

134 2866 272 2953 graviori
290 2865 545 2952 agmini-firmat,
569 2877 663 2951 atque
680 2868 804 2933 interim
825 2868 957 2952 repertis
976 2868 1065 2932 vadis
1083 2867 1166 2932 alam

135 2959 380 3026 Canninefatem
393 2969 425 3025 et
438 2961 523 3044 quod
539 2962 681 3047 peditum
695 2959 927 3027 Germanomm
944 2960 1024 3024 inter
1041 2968 1165 3024 nostros

133 3054 275 3120 merebat
301 3053 508 3139 circumgredi
533 3065 622 3142 terga
647 3055 786 3120 hostium
811 3053 912 3130 iubet3
938 3052 994 3135 qui
1015 3052 1078 3115 iam
1100 3053 1166 3116 acie

134 3147 301 3234 compositi
314 3147 434 3232 pellunt
448 3158 566 3214 turmas
581 3149 713 3215 sociales
728 3147 911 3231 equitesque
924 3144 1084 3230 legionum
1093 3144 1168 3208 sub-

135 3243 214 3308 sidio
242 3241 367 3307 missos.
400 3251 467 3306 tum
489 3251 552 3308 tres
578 3242 665 3308 leves
692 3241 835 3308 cohortes
862 3261 899 3306 ac
924 3260 1050 3304 rursum
1076 3238 1166 3316 duae,

134 3336 207 3400 dein
224 3345 366 3421 tempore
388 3336 548 3403 interiecto
568 3338 690 3402 alarius
712 3357 808 3420 eques
830 3334 995 3400 inmissus:
1019 3333 1094 3400 satis
1112 3355 1167 3400 va·

134 3429 201 3508 lidi,
229 3429 260 3494 si
282 3429 374 3494 simul
400 3431 630 3509 incubuissent,
654 3421 715 3517 per
736 3429 934 3496 intervallum
960 3430 1166 3496 adventantes

135 3545 238 3607 neque
260 3524 467 3590 constantiam
489 3524 675 3589 addiderant
696 3525 828 3592 turbatis
852 3534 883 3590 et
904 3547 1020 3610 pavore
1042 3524 1167 3611 fugien-

135 3618 213 3683 tium
235 3617 467 3683 auferebantur.
500 3617 644 3705 Cethego
665 3619 825 3697 Labeoni,
847 3620 952 3706 legato
974 3619 1101 3702 quintae
1122 3617 1167 3680 le-

135 3711 252 3797 gionis,
272 3711 357 3795 quod
373 3711 529 3796 reliquum
547 3713 745 3792 auxiliorum,
764 3714 871 3792 tradit;
889 3724 984 3796 atque
1001 3711 1053 3774 ille
1071 3709 1168 3773 dubia

136 3828 264 3871 suorum
283 3828 316 3871 re
334 3806 368 3869 in
385 3827 501 3893 anceps
524 3816 642 3873 tractus
659 3807 765 3872 missis
788 3807 906 3870 nuntiis
924 3805 989 3869 vim
1005 3803 1167 3888 legionum

135 3899 325 3985 inplorabat:
348 3911 555 3987 prorumpunt
577 3901 718 3986 quintani
741 3907 812 3963 ante
835 3898 912 3962 alios
931 3906 962 3960 et
980 3896 1043 3959 acri
1059 3917 1167 3979 pugna

135 3995 226 4062 hoste
248 3997 341 4082 pulso
354 3997 519 4087 'recipiunt
540 3997 675 4062 cohortis
698 3991 827 4075 alasque
849 3991 951 4055 fessas
974 3988 1165 4052 vulneribus.

135 4111 238 4174 neque
255 4090 321 4154 dux
333 4090 498 4158 Romanus
511 4092 612 4156 ultum
625 4090 661 4154 iit
678 4097 732 4153 aut
745 4107 875 4170 corpora
887 4083 1038 4161 humavit,
1057 4105 1167 4166 quam-

136 4205 230 4267 quam
248 4184 342 4248 multi
359 4184 555 4251 tribunonrm
576 4182 866 4270 praefectorumque
889 4187 920 4244 et
937 4177 1076 4265 insignes
1095 4199 1166 4244 cen-
