3042 4956
362 445 423 512 180
710 454 892 512 CORNELII
906 453 1035 510 TAClTl

1277 557 1297 587 ι.
1308 559 1330 588 ιι.
1341 550 1387 590 too.

358 617 464 682 anima
480 613 617 680 creditus
635 621 684 678 eet
701 613 920 677 mortalitatem
937 613 1114 698 explevisse
1119 638 1128 692 ;
1151 623 1184 679 et
1200 615 1300 680 multo
1317 639 1390 702 gra-

358 722 479 776 tantum
497 731 652 774 concursu
669 707 710 772 ad
728 708 880 792 capienda
896 708 1018 792 imperii
1031 709 1201 794 primordia
1215 708 1253 774 Ο.
1268 709 1390 776 Caesar

359 803 591 892 egrediebatur,
615 825 687 866 cum
704 811 831 887 repente
849 801 989 866 adfertur
1010 803 1111 868 redire
1129 803 1258 868 Tiberio
1275 827 1388 870 vocem

359 921 399 964 ao
418 899 508 964 visus
523 897 701 980 'vocarique
722 896 777 979 qui
801 897 989 960 recreandae
1014 897 1183 962 defectioni
1205 898 1311 964 cibum
1334 900 1390 963 ad-

358 993 485 1058 ferrent.
516 1013 615 1078 paror
635 990 708 1054 hine
729 990 762 1054 in
782 1011 907 1054 omnes:
930 999 961 1054 et
978 991 1073 1054 ceteri
1095 993 1215 1077 possim
1236 993 1388 1078 dispergi,

359 1110 395 1152 se
412 1087 546 1171 quisquc
563 1093 718 1149 maestum
731 1093 785 1148 aut
797 1084 939 1149 nescium
956 1084 1088 1170 fingere3
1108 1084 1228 1150 Caesar
1244 1086 1277 1150 in
1295 1086 1389 1150 silen-

359 1181 438 1245 tium
459 1180 542 1244 fixus
565 1203 584 1244 a
606 1201 730 1244 summa
755 1200 812 1264 spe
836 1179 1009 1244 novissima
1034 1179 1250 1264 exspectabat:
1276 1180 1389 1245 Macro

358 1275 532 1360 intrepidus
545 1272 680 1359 opprimi
693 1293 800 1337 senem
813 1271 929 1336 iniectu
942 1273 1059 1338 multae
1071 1273 1169 1338 vestis
1183 1273 1269 1338 iubet
1286 1274 1389 1338 disce-

359 1370 455 1453 dique
472 1367 513 1433 ab
530 1367 646 1432 limine.
673 1367 719 1431 sio
737 1365 884 1432 Tiberius
905 1366 1019 1444 linivit,
1043 1377 1154 1432 octavo
1172 1378 1204 1432 et
1221 1377 1388 1454 septuage-

360 1464 440 1528 simo
458 1462 569 1526 aetatis
587 1483 679 1524 anno.
1061 1487 1064 1494 ¹

307 1559 340 1604 ⁵²
422 1556 519 1620 Pater
531 1555 560 1618 ei
569 1554 653 1618 Nero
666 1564 698 1618 et
711 1555 867 1637 utrimque
880 1544 969 1640 origb
982 1555 1085 1640 gentis
1100 1553 1263 1632 Claudiae,
1277 1577 1388 1639 quam·

303 1626 454 1733 ¹⁵¹’quam
472 1658 572 1712 mater
592 1649 625 1712 in
641 1649 770 1712 uiuam
792 1659 825 1713 et
846 1672 920 1713 mox
937 1649 1051 1713 uuam
1073 1649 1224 1714 sunnam
1246 1651 1388 1736 adoptio

357 1741 451 1807 nibus
474 1743 639 1808 transierit.
667 1765 760 1807 casus
782 1743 885 1828 prima
906 1742 947 1808 ab
968 1743 1100 1806 infantia
1121 1743 1288 1828 ancipites:
1315 1767 1387 1808 nam

357 1837 566 1922 proscriptum
592 1847 713 1921 patrem
739 1837 813 1900 exul
839 1849 980 1914 secutus,
1011 1837 1066 1902 ubi
1092 1838 1221 1902 domum
1247 1837 1387 1924 Augusti

357 1932 521 2018 privignus
547 1931 679 2008 introiit,
710 1931 816 1996 multis
843 1931 975 1996 aemulis
1001 1931 1195 1996 conflictatus
1221 1942 1283 2010 est,
1313 1933 1387 1996 dum

358 2025 530 2092 Marcellus
556 2035 588 2090 et
609 2024 768 2112 Agrippa,
795 2047 870 2090 mox
897 2023 998 2091 Gaius
1024 2026 1208 2109 Luciusque
1231 2025 1386 2091 Caesares

358 2121 501 2207 siguerc3
515 2120 610 2185 etiam
622 2119 718 2185 frater
731 2119 797 2184 eius
807 2119 933 2184 Drusus
942 2120 1137 2206 prosperiore
1151 2119 1267 2184 civium
1281 2143 1388 2185 amore

359 2225 434 2278 erat.
458 2213 515 2279 sod
532 2215 668 2279 maxime
686 2213 720 2277 in
736 2213 856 2278 lubrico
873 2214 938 2299 egit
955 2223 1085 2300 accepta
1101 2213 1135 2278 in
1155 2214 1387 2278 nratrimonium

358 2308 453 2384 lulio,
484 2308 699 2392 inpudicitiam
729 2308 835 2372 uxoris
866 2308 1001 2372 tolerans
1028 2317 1083 2372 aut
1109 2307 1278 2371 declinans.
1315 2308 1388 2371 dein

358 2401 472 2465 Rhodo
484 2423 647 2486 regressus
661 2422 779 2465 vacuos
792 2402 940 2487 principis
954 2413 1083 2487 penates
1102 2401 1267 2466 duodecim
1285 2402 1387 2478 annis,

358 2515 432 2557 mox
453 2494 499 2557 rei
515 2493 677 2557 Romanae
703 2493 865 2560 arbitrium
887 2495 987 2560 tribus
1009 2497 1107 2560 ferme
1125 2506 1157 2560 et
1178 2495 1289 2581 viginti
1308 2495 1389 2560 obti-

357 2587 435 2650 nuit.
457 2609 580 2650 morum
602 2608 727 2669 quoque
748 2597 889 2672 tempora
910 2590 956 2653 illi
978 2590 1115 2654 diversa:
1138 2590 1301 2676 egregium
1324 2590 1389 2653 vita

357 2678 514 2763 famaque,
533 2679 636 2762 quaad
649 2680 790 2764 privatus
803 2681 855 2745 vel
872 2682 905 2745 in
922 2683 1062 2768 imperiis
1076 2682 1294 2768 snbAugusto
1312 2683 1387 2760 fuit3

357 2773 515 2838 occultum
536 2795 575 2837 ao
597 2773 764 2840 subdolum
790 2775 946 2862 lingendis
975 2777 1155 2854 virtutibus,
1183 2777 1284 2841 donce
1307 2774 1389 2842 Ger-

358 2868 499 2932 manicus
518 2889 555 2932 ae
572 2866 700 2933 Drusus
719 2870 900 2955 superfuere
906 2895 915 2948 ;
938 2871 1022 2935 idem
1043 2871 1125 2936 inter
1141 2870 1224 2936 bona
1242 2870 1387 2954 malaque

358 2962 475 3027 mixtus
497 2961 646 3028 incolumi
666 2973 779 3042 matre3
801 2963 988 3029 intestabilis
1013 2964 1155 3042 saeuitia,
1180 2965 1236 3028 sed
1255 2963 1387 3030 obtectis

358 3055 555 3135 libidinibus,
582 3058 658 3121 dum
681 3055 833 3123 Seianum
858 3057 967 3122 dilexit
991 3058 1147 3122 timuitve:
1173 3068 1335 3143 postremo
1356 3059 1388 3122 in

360 3152 479 3216 scelera
495 3149 589 3217 simul
606 3173 644 3216 ac
660 3152 815 3218 dedecora
831 3151 984 3237 prorupit,
1007 3161 1174 3237 postquam
1192 3161 1314 3218 remoto
1331 3173 1388 3238 pu·
1435 3181 1446 3208 ο

360 3245 434 3310 dore
453 3255 484 3310 et
501 3256 600 3322 metu,
621 3269 678 3310 suo
697 3256 818 3312 tantum
834 3247 960 3333 ingenio
977 3246 1131 3312 utebatur.
