2960 4962
430 445 636 504 anstrum
653 447 793 505 nra-ru
812 450 910 526 s-e„
972 445 975 456 ·
1116 439 1177 503 119

136 537 259 590 sousa.

135 616 165 670 et
181 606 275 670 ultor
295 604 497 670 metuebatur
518 625 582 668 non
599 603 738 668 occultus
757 604 820 669 odii
839 605 895 668 sed
917 605 1024 671 crebro
1040 629 1176 693 querens

133 699 297 764 incolumi
316 699 380 764 filio
399 697 572 762 adiutorem
589 697 710 781 imperii
727 697 824 764 elium
841 699 959 762 vocari:
978 709 1009 763 et
1025 711 1176 782 quantum

134 815 316 877 superesse
337 801 373 856 ut
396 791 517 876 collega
543 790 682 854 dicatur?
706 791 824 875 primas
847 791 1028 856 dominandi
1050 817 1121 878 spes
1143 795 1176 858 in
1245 839 1251 850 ·

133 886 253 950 arduo:
282 887 340 951 ubi
359 886 403 950 sis
426 886 601 970 ingressus,
615 885 736 950 adesse
759 879 863 950 studia
881 896 911 950 et
928 887 1101 965 ministros3
1123 911 1177 952 ex-

133 989 261 1045 structa
280 981 348 1044 iam
370 988 481 1063 sponte
503 978 652 1064 praefecti
670 988 786 1056 castra,
808 980 899 1044 datos
921 980 954 1045 in
970 1003 1099 1045 manum
1119 983 1177 1045 mi-

133 1073 224 1152 lites;
260 1075 351 1140 cerni
383 1073 521 1158 effigiem
548 1072 615 1136 eius
640 1073 675 1142 in
703 1074 902 1138 monimentis
930 1072 990 1138 On.
1017 1073 1175 1160 Pompeii3

134 1189 331 1233 communes
353 1167 399 1230 illi
421 1189 494 1230 eum
515 1165 636 1230 familia
651 1166 830 1232 Drusorum
851 1167 918 1232 fore
940 1177 1084 1253 nepotes:
1107 1191 1177 1254 pre-

135 1263 281 1326 candam
302 1261 476 1347 posthaec
498 1261 697 1338 modestiam,
720 1271 756 1325 ut
773 1270 936 1328 contentus
954 1270 1047 1326 esset.
1073 1283 1175 1346 neque

135 1379 208 1420 raro
228 1376 338 1440 neque
360 1355 447 1440 apud
462 1376 581 1438 paucos
601 1353 674 1419 talis
695 1354 841 1432 iaciebat,
865 1365 896 1420 ct
914 1365 1034 1422 secreta
1050 1377 1174 1440 quoque

137 1449 208 1514 eius
229 1457 382 1534 corrupta
398 1469 497 1512 uxore
514 1446 734 1532 prodebantur.

204 1543 314 1629 Igitur
329 1540 464 1608 Seianus
477 1541 696 1606 maturandum
709 1550 795 1606 ratus
814 1541 922 1627 deligit
939 1565 1094 1608 venenum
1112 1565 1175 1628 quo
1193 1566 1208 1613 8

137 1636 298 1719 paulatim
306 1636 468 1720 inrepente
476 1634 623 1700 fortuitus
633 1634 759 1700 morbus
768 1635 1174 1715 adsimularetur3ianrso

140 1730 255 1794 datum
271 1753 330 1815 per
346 1730 500 1816 Lygdum
517 1730 702 1815 spadonem,
714 1738 756 1796 ut
774 1739 843 1795 octo
860 1741 933 1816 post
949 1734 1175 1818 annoscogni-

140 1831 212 1888 tum
231 1835 289 1890 est.
314 1833 453 1888 ceterum
467 1822 612 1888 Tiberius
625 1846 681 1908 per
694 1847 802 1888 omnes
816 1825 995 1889 valitudinis
1014 1826 1081 1890 eius
1094 1826 1173 1903 dies,

142 1917 230 2004 nullo
247 1927 337 1982 metu
355 1941 396 1980 an
412 1927 450 1980 ut
464 1917 687 1981 firmitudinem
704 1917 799 1982 animi
812 1927 990 1995 ostentaret,
1010 1918 1104 1982 etiam
1121 1919 1176 1982 de-

143 2008 254 2076 funeto
276 2011 415 2074 necdum
438 2010 573 2096 sepulto,
601 2012 720 2076 curiam
741 2011 903 2095 ingressus
926 2019 988 2087 est,
1015 2009 1175 2075 consules-

81 2106 87 2114 '
144 2125 207 2185 que
225 2106 302 2170 sede
323 2104 448 2189 vulgari
464 2126 521 2190 per
538 2105 676 2189 speciem
692 2103 867 2175 maestitiae
886 2105 1029 2168 sedentes
1047 2103 1174 2168 honoris

144 2195 267 2282 locique
295 2197 458 2262 admonuit
479 2207 511 2262 et
532 2199 669 2264 effusum
694 2199 728 2261 in
752 2197 897 2262 lacrimas
925 2206 1067 2264 senatum
1094 2197 1176 2260 victo

146 2292 265 2376 gemitu
293 2291 388 2357 simul
413 2292 552 2356 oratione
574 2292 721 2357 continua
743 2291 854 2356 erexit:
881 2312 945 2355 non
966 2290 1093 2374 quidem
1114 2289 1175 2354 sibi

146 2385 292 2470 ignauam
317 2407 413 2470 posse
440 2386 544 2471 argui,
572 2387 658 2468 quod
684 2396 749 2450 tam
773 2385 890 2450 recenti
916 2384 1022 2450 dolore
1046 2383 1176 2449 subierit

148 2481 252 2545 oculos
277 2488 419 2544 senatus:
447 2481 502 2544 vix
522 2481 767 2566 propinquorum
789 2480 935 2568 adloquia
958 2473 1094 2556 tolerari,
1121 2477 1175 2542 vix

147 2573 228 2638 diem
245 2574 347 2659 aspici
365 2597 385 2638 a
401 2574 558 2659 plerisque
575 2574 763 2660 lugentium;
786 2595 887 2657 neque
905 2574 974 2639 illos
992 2572 1175 2639 inbecillita-

147 2667 185 2732 tis
206 2669 419 2734 damnandos:
447 2691 481 2734 sc
499 2678 604 2732 tamen
625 2669 754 2734 fortiore
779 2669 890 2734 solatia
908 2691 925 2734 e
943 2668 1108 2753 complexu
1129 2667 1175 2732 rei

147 2759 468 2845 publicae‘petivisse.
498 2762 724 2846 miseratusque
741 2761 907 2848 Augustae
929 2772 1103 2827 extremam
1126 2783 1175 2826 se-

147 2865 279 2934 nectam,
293 2856 405 2920 rudem
415 2856 517 2920 adhuc
530 2866 681 2941 nepotum
695 2866 725 2920 et
733 2865 920 2942 uergentem
930 2863 1064 2920 aetatem
1074 2847 1175 2930 suam,

148 2958 179 3011 ut
205 2946 391 3014 Germanici
415 2949 519 3027 liberi,
550 2951 643 3014 unica
671 2951 882 3036 praesentium
912 2948 1066 3013 malorum
1091 2948 1176 3011 leva·

147 3053 264 3120 menta,
283 3043 505 3108 inducerentur
521 3045 640 3129 petivit.
664 3043 785 3129 egressi
802 3041 946 3106 consules
964 3042 1102 3104 firmatos
1121 3040 1176 3104 ad-

147 3135 250 3220 loquio
281 3137 534 3202 adulescentulos
565 3139 779 3220 deductosque
810 3145 882 3200 ante
913 3133 1083 3199 Caesarem
1114 3141 1177 3196 sta-

146 3239 251 3307 tuunt3
278 3230 394 3313 quibus
418 3232 581 3317 adprensis
606 3241 730 3317 „patres
759 3229 940 3314 conscripti,
967 3228 1049 3292 hos“
1076 3226 1181 3308 inquit·

147 3323 293 3402 „orbatos
311 3335 440 3409 parente
458 3327 571 3391 tradidi
584 3337 695 3412 patruo
712 3327 853 3411 ipsorum
870 3333 1077 3408 precatusque
1095 3342 1175 3397 sum,
1292 3324 1295 3330 '

146 3439 339 3502 quamquam
352 3429 436 3484 esset
452 3420 497 3484 illi
514 3421 641 3505 propria
654 3418 790 3497 suboles,
805 3439 848 3495 ¹ne
866 3440 956 3484 secus
970 3438 1065 3502 quam
1084 3438 1176 3481 suum
1205 3419 1207 3423 ’
1278 3457 1280 3462 -

146 3513 334 3598 sanguinem
356 3513 490 3591 foveret,
512 3515 679 3593 attolleret,
703 3513 825 3598 sibique
843 3523 874 3578 et
896 3513 1029 3601 posteris
1052 3511 1176 3578 confor-

145 3614 259 3670 maret:
287 3617 394 3691 erepto
416 3607 526 3673 Druso
550 3631 660 3694 preces
687 3609 727 3674 ad
750 3632 807 3673 vos
834 3618 980 3674 converto
1007 3608 1118 3688 disque
1145 3613 1176 3667 et

128 3699 246 3782 ‚patria
273 3721 380 3764 eoram
407 3701 560 3780 obtestor,
593 3703 732 3788 Augusti
762 3711 962 3788 pronepotes,
994 3694 1175 3762 clarissimis

145 3793 318 3858 maioribus
345 3796 483 3880 genitos,
515 3797 677 3882 suscipite,
704 3797 818 3882 regite,
849 3804 986 3860 vestram
1012 3809 1177 3870 meamque

145 3887 248 3952 vicem
271 3888 405 3973 explete.
432 3889 466 3952 bi
487 3889 593 3968 vobis,
614 3891 698 3956 Nero
716 3900 750 3954 et
764 3888 885 3964 Druse,
907 3893 1072 3971 parentum
1093 3881 1175 3944 loco:

144 3980 187 4045 ita
214 3981 283 4046 nati
306 3982 382 4048 estis
404 3992 440 4062 ut
463 3982 543 4048 bona
567 3984 712 4067 malaque
739 3989 843 4044 vestra
865 3980 994 4042 adrem
1018 3974 1176 4059 publicam

144 4075 352 4160 pertineant“

208 4168 335 4255 Magno
357 4193 396 4236 ea
417 4171 492 4236 fletu
514 4179 545 4238 et
566 4193 641 4236 mox
666 4165 895 4254 precationibus
922 4164 1034 4230 faustis
1056 4165 1175 4241 audita3
1194 4181 1209 4228 9
