3042 4956
413 463 621 523 ANNALIUM
634 463 709 520 LIB.
723 464 804 522 XIIL
821 465 943 522 45-49.
1125 455 1189 523 249

161 558 278 610 aena

160 627 287 692 fortuna
300 624 399 711 digna
411 624 527 690 visere:
546 632 577 688 at
591 623 756 702 Neronem,
774 623 893 709 paelice
907 624 1020 690 ancilla
1032 630 1064 691 et
1077 626 1190 693 adsue-
1303 699 1305 706 ,

160 721 269 786 tudine
292 717 394 785 Actes
420 717 613 794 devinctum,
639 717 716 782 nihil
739 741 756 782 e
779 717 982 784 contubernio
1005 720 1109 784 servili
1129 722 1191 787 nisi

160 815 319 880 abiectum
337 822 369 878 et
387 812 547 878 sordidum
559 813 701 878 traxisse.
724 813 856 878 deicitur
869 814 1078 880 familiaritate
1092 826 1189 894 sueta,

160 919 232 995 post
249 930 425 995 congressu
442 916 474 972 et
491 907 640 972 comitatu
658 904 755 984 Otho,
775 917 806 972 et
823 908 864 972 ad
880 917 1083 993 postremum,
1101 932 1141 974 ne
1157 910 1192 976 in

161 1003 238 1069 urbe
256 1002 434 1068 aemulatus
456 1011 575 1088 ageret,
598 1001 776 1086 provinciae
793 1002 978 1068 Lusitaniae
999 1003 1190 1089 praeficitur:

162 1097 216 1162 ubi
238 1119 341 1181 usque
362 1096 404 1161 ad
426 1095 529 1160 civilia
549 1118 637 1160 arma
658 1118 721 1160 non
739 1118 780 1160 ex
799 1096 902 1182 priore
922 1097 1054 1163 infamia
1071 1097 1128 1162 sed
1144 1097 1192 1161 in-

161 1207 249 1279 tegre
264 1199 433 1274 sancteque
448 1189 521 1276 egit,
539 1211 656 1275 procax
669 1190 723 1254 otii
737 1199 769 1254 et
779 1192 942 1276 potestatis
960 1191 1190 1277 temperantior.

227 1285 393 1350 Hactenus
411 1283 495 1348 Nero
517 1284 643 1370 flagitiis
662 1293 693 1348 et
711 1285 880 1350 sceleribus
902 1285 1079 1352 velamenta
1096 1307 1192 1370 quae-
1208 1305 1240 1352 47

161 1379 249 1444 sivit:
274 1377 474 1464 suspectabat
495 1379 631 1443 maxime
651 1377 832 1443 Cornelium
856 1377 992 1459 Sullam,
1016 1403 1122 1446 socors
1144 1381 1192 1444 in·

160 1473 292 1560 genium
310 1473 377 1538 eius
395 1473 429 1537 in
446 1473 635 1538 eontrarium
648 1473 774 1540 trahens
788 1475 996 1559 callidumque
1015 1487 1046 1542 et
1064 1477 1191 1542 simula-

161 1579 263 1632 torem
287 1567 532 1652 interpretando;
559 1588 654 1650 quem
679 1577 798 1632 metum
825 1566 979 1656 Graptus,
1006 1593 1046 1636 ex
1071 1571 1189 1637 libertis

163 1661 325 1738 Caesaris,
348 1683 409 1726 usu
426 1670 457 1726 et
475 1671 602 1726 senecta
619 1661 746 1729 'liberio
768 1662 909 1748 abusque
931 1666 1059 1732 domum
1076 1667 1190 1752 princi-

159 1778 237 1840 pum
257 1755 401 1833 edoctus,
424 1754 479 1819 tali
496 1756 659 1820 mendacio
676 1757 822 1824 intendit:
844 1781 924 1844 pons
941 1759 1084 1826 Mulvius
1101 1761 1134 1824 in
1151 1783 1189 1826 eo

161 1859 302 1933 tempore
312 1847 442 1915 celebris
455 1850 615 1915 nocturnis
624 1850 789 1917 inlecebris
799 1863 865 1916 erat
875 1853 1106 1936 ventitabatque
1116 1853 1189 1917 illuc

159 1942 259 2019 Nero,
286 1964 349 2026 quo
372 1943 503 2008 solutius
530 1943 640 2008 urbem
663 1955 751 2010 extra
772 1946 943 2024 lasciviret;
969 1947 1065 2032 igitur
1085 1968 1190 2034 regre-

160 2036 258 2101 dienti
270 2057 327 2120 per
340 2037 423 2101 viam
435 2037 623 2102 Flaminiam
636 2038 827 2124 compositas
840 2039 970 2104 insidias
984 2039 1112 2122 fatoque
1126 2040 1190 2104 evi·

66 2137 71 2146 '
159 2139 256 2207 tatas,
279 2130 427 2214 quoniam
449 2131 573 2197 diverso
595 2133 705 2196 itinere
724 2131 934 2198 Sallustianos
957 2133 991 2197 in
1012 2132 1119 2198 hortos
1141 2155 1190 2197 re·

159 2224 325 2301 meaverit,
349 2235 568 2310 auctoremque
590 2227 658 2292 eius
682 2227 746 2291 doli
768 2225 891 2292 Sullam
913 2227 1092 2304 ementitur,
1115 2227 1190 2310 quia

160 2318 242 2384 forte
254 2319 456 2385 redeuntibus
470 2321 619 2386 ministris
633 2321 782 2408 principis
801 2322 929 2407 quidam
946 2344 1004 2408 per
1020 2321 1189 2386 iuvenilem

160 2411 331 2490 licentiam,
355 2435 435 2497 quae
453 2423 527 2478 tunc
548 2415 668 2500 passim
691 2415 905 2494 exercebatur,
928 2416 1052 2482 inanem
1071 2426 1190 2484 metum

160 2505 308 2572 fecerant.
337 2529 437 2590 neque
456 2530 616 2574 servorum
634 2510 801 2594 quisquam
818 2531 919 2594 neque
938 2510 1097 2576 clientium
1116 2508 1218 2576 Sul·‘

160 2601 210 2666 lae
232 2601 393 2687 adgnitus,
416 2601 614 2686 maximeque
636 2604 785 2689 despecta
806 2613 838 2669 et
858 2605 974 2670 nullius
997 2605 1066 2670 ausi
1088 2627 1188 2691 capax

160 2703 272 2760 natura
298 2695 365 2760 eius
391 2719 410 2760 a
432 2695 559 2761 crimine
585 2696 785 2764 abhorrebat:
811 2699 941 2784 proinde
967 2709 1073 2764 tamen
1097 2699 1188 2782 quasi

162 2789 324 2854 convictus
342 2798 438 2867 esset,
462 2791 572 2856 cedere
589 2792 689 2876 patria
706 2801 738 2856 et
754 2792 1002 2858 Massiliensium
1024 2793 1188 2860 moenibus

162 2883 299 2948 coerceri
316 2882 450 2948 iubetur.

225 2977 334 3042 Isdem
343 2977 522 3044 consulibus
532 2978 907 3044 auditaePuteolanorum
915 2979 1098 3063 legationes,
1109 3000 1188 3062 quas
1208 2996 1240 3046 la

161 3074 302 3138 diversas
321 3074 411 3151 ord0,
429 3073 518 3159 plebs
537 3075 578 3140 ad
596 3085 739 3140 senatum
757 3075 919 3151 miserant,
942 3074 987 3137 illi
1004 3074 1069 3137 vim
1085 3073 1191 3136 multi-

162 3167 294 3244 tudinis,
317 3167 350 3231 hi
366 3168 606 3253 magistratuum
629 3179 661 3234 et
672 3169 771 3254 primi
789 3169 942 3251 cuiusque
964 3166 1126 3232 avaritiam
1142 3165 1191 3230 in-

162 3269 334 3346 crepantes,
350 3283 449 3344 eaque
463 3262 573 3327 seditio
587 3263 628 3328 ad
642 3285 720 3328 saxa
733 3271 764 3326 et
776 3262 877 3327 minas
892 3261 1013 3348 ignium
1021 3281 1190 3347 progressa

162 3377 200 3420 aa
216 3376 327 3420 necem
344 3366 376 3420 et
392 3377 479 3420 arma
495 3357 668 3442 proliceret,
689 3356 727 3422 C.
743 3355 876 3420 Cassius
894 3355 1072 3421 adhibendo
1089 3377 1190 3420 reme-

162 3449 215 3514 dio
237 3448 390 3527 delectus;
418 3451 493 3533 quia
516 3451 713 3516 severitatem
736 3452 803 3517 eius
826 3474 889 3516 non
911 3449 1097 3528 tolerabant,
1120 3471 1190 3535 pre-

163 3553 253 3608 cante
270 3543 340 3628 ipso
358 3544 399 3608 ad
418 3542 599 3612 Scribonios
618 3546 730 3612 fratres
748 3569 786 3612 ea
804 3569 879 3611 cura
896 3546 1093 3621 transfertur,
1117 3544 1191 3607 data

163 3636 289 3702 cohorte
306 3638 473 3722 praetoria,
493 3639 582 3704 cuius
600 3649 715 3706 terrore
734 3650 765 3706 et
781 3662 952 3726 paucorum
971 3638 1124 3724 supplicio
1141 3657 1190 3699 re-

163 3731 220 3796 diit
237 3731 402 3817 oppidanis
421 3734 596 3799 concordia.

226 3825 299 3891 Non
316 3826 465 3891 referrem
482 3828 738 3914 vulgarissimum
762 3837 889 3894 senatus
912 3825 1104 3899 consultum,
1127 3841 1190 3903 quo
1207 3837 1239 3885 49

163 3919 281 3984 civitati
291 3918 560 4006 Syracusanorum
574 3925 681 4010 egredi
693 3945 860 3989 numerum
874 3918 1002 3984 edendis
1012 3913 1192 4002 gladiatori-

163 4011 223 4078 bus
236 4013 359 4079 finitum
367 4015 611 4100 permittebatur,
625 4017 687 4081 nisi
696 4016 812 4080 Paetus
823 4013 964 4078 Thrasea
977 4019 1085 4075 contra
1093 4007 1190 4072 dixis-

163 4117 212 4172 set
218 4107 477 4193 praebuissetque
487 4111 648 4176 materiem
657 4106 914 4198 obtrectatoribus
926 4103 1104 4190 arguendae
1119 4125 1190 4168 sen-

163 4202 292 4270 tentiae:
310 4226 366 4268 cur
384 4203 476 4282 enim,
496 4205 524 4270 si
540 4227 607 4270 rem
624 4202 781 4289 publicam
799 4222 891 4288 egere
907 4199 1049 4266 libertate
1067 4209 1190 4265 senato·
