2958 4960
320 417 365 484 24
674 426 857 486 CORNELII
869 427 999 485 TACITI
1096 433 1101 450 ¹

1237 533 1258 563 ι.
1268 535 1290 564 u.
1300 525 1346 566 mr.

319 589 373 654 nio
390 585 550 674 legionum
568 587 713 664 eductus,
735 605 830 669 quem
847 586 973 652 militari
994 587 1146 656 vocabulo
1165 589 1347 678 Caligulam

207 701 213 730 ¹
320 681 532 768 appellabant,
556 681 630 765 quia
646 680 830 766 plerumque
852 682 894 745 ad
916 682 1110 748 concilianda
1130 685 1219 772 vulgi
1242 687 1349 752 studia

320 798 357 842 eo
375 775 512 862 tegmine
524 775 641 860 pedum
653 773 852 854 induebatur3
871 776 928 840 sed
944 777 1021 841 nihil
1034 799 1133 862 aeque
1150 779 1238 846 flexit
1250 802 1347 865 quam

319 869 437 936 invidia
461 870 496 935 in
521 869 677 935 Treviros.
712 878 814 947 orant,
842 868 1011 936 obsistunt:
1037 873 1165 951 rediret,
1195 887 1347 954 maneret,

318 986 392 1050 pars
410 962 605 1050 Agrippinae
623 971 836 1040 occursantes,
854 962 980 1048 plurimi
997 966 1038 1030 ad
1056 963 1280 1033 Germanicum
1297 992 1348 1035 re·

319 1059 421 1146 gressi
426 1083 435 1136 ;
453 1059 544 1142 isque
561 1066 597 1121 ut
614 1067 680 1122 erat
697 1078 805 1122 reeens
823 1056 929 1123 dolore
947 1068 979 1123 et
995 1058 1056 1138 ira,
1075 1061 1160 1145 apud
1177 1062 1348 1128 circumfu-

320 1175 373 1218 sos
391 1153 436 1216 ita
453 1151 569 1237 coepit:

268 1266 301 1316 42
386 1245 476 1325 „Non
493 1244 571 1308 mihi
588 1265 667 1309 uxor
689 1253 743 1308 aut
759 1243 842 1309 filius
860 1253 949 1330 patre
967 1255 998 1312 et
1014 1267 1048 1312 re
1065 1245 1192 1333 publica
1209 1249 1347 1315 cariores

320 1349 405 1417 sunt;
425 1338 482 1404 sed
494 1339 581 1402 illum
598 1337 724 1422 quidem
738 1361 796 1403 sua
812 1338 969 1417 maiestas,
987 1340 1152 1426 imperium
1164 1341 1347 1424 Romanum

281 1431 291 1442 ’
319 1432 413 1498 ceteri
426 1431 580 1496 exercitus
595 1430 777 1496 defendent:
796 1432 962 1518 coniugem
976 1443 1008 1498 et
1018 1433 1133 1500 liberos
1147 1457 1244 1513 meos,
1263 1458 1346 1520 quos

317 1548 375 1612 pro
393 1525 492 1612 gloria
509 1534 614 1590 vestra
629 1523 731 1590 libens
749 1525 790 1590 ed
807 1525 937 1591 exitium
953 1527 1097 1592 offerrem
1102 1575 1112 1606 ,
1134 1551 1218 1594 nunc
1233 1530 1347 1615 procul

319 1643 338 1684 a
355 1618 531 1684 furentibus
550 1629 747 1697 summoveo,
770 1629 805 1684 ut
822 1620 975 1704 quidquid
995 1621 1077 1686 istnc
1099 1622 1224 1688 sceleris
1241 1623 1348 1688 immi-

317 1721 384 1791 net,
407 1734 478 1778 meo
500 1721 622 1777 tentum
645 1712 797 1799 sanguine
818 1713 934 1800 pietur,
956 1735 1036 1779 neve
1058 1715 1181 1782 occisus
1202 1713 1347 1803 Augusti

316 1831 488 1896 pronepos,
510 1807 674 1874 interfecta
691 1807 811 1874 Tiberii
830 1831 928 1874 nurus
945 1809 1140 1876 nocentiores
1158 1833 1216 1876 vos
1237 1811 1346 1877 faciat.

318 1903 394 1988 quid
420 1903 503 1968 enim
524 1924 581 1988 per
602 1902 660 1968 hos
687 1903 754 1967 dies
780 1903 926 1968 inausum
951 1903 1209 1969 intemeratumve
1234 1905 1348 1970 vobis?

318 1998 404 2082 quod
424 2019 540 2063 nomen
564 1995 638 2061 huic
663 1995 766 2063 coetui
788 1995 889 2061 dabo?
913 1996 1069 2062 militesne
1094 1998 1262 2084 appellem,
1289 1999 1347 2082 qui

317 2092 416 2156 filium
433 2091 629 2178 imperatoris
646 2091 743 2156 vestri
760 2090 842 2156 vallo
860 2099 892 2156 et
909 2091 1002 2156 armis
1021 2091 1283 2158 circumsedistis?
1303 2116 1349 2158 an

319 2187 417 2264 cives,
445 2185 559 2270 quibus
587 2195 650 2252 tam
676 2186 816 2271 proiecta
841 2194 968 2252 senatus
994 2185 1181 2252 auctoritesi
1205 2185 1348 2252 hostium

318 2301 443 2365 quoque
461 2281 511 2345 ius
529 2288 561 2343 et
578 2301 668 2344 sacra
679 2279 844 2366 legationis
863 2289 894 2344 et
911 2279 960 2344 fas
977 2280 1119 2365 gentium
1136 2280 1274 2366 rupistis.
1296 2281 1348 2346 di-

318 2397 378 2438 vus
404 2373 505 2438 Iulius
533 2373 717 2438 seditionem
748 2373 903 2440 exercitus
929 2372 1036 2465 verbo¹
1052 2396 1115 2439 uno
1141 2375 1346 2460 compescuit,

319 2465 458 2549 Quirites
475 2467 618 2531 vocando
636 2465 690 2551 qui
709 2477 937 2533 sacramentum
959 2468 1025 2534 eius
1048 2468 1274 2547 detrectabant3
1297 2469 1348 2534 di-

317 2584 377 2626 vus
390 2558 558 2646 Augustus
572 2560 661 2626 vultu
675 2570 706 2626 et
719 2570 849 2646 aspectu
860 2560 1010 2627 Actiacas
1023 2563 1162 2649 legiones
1181 2563 1347 2630 exterruit:

317 2677 375 2720 nos
394 2664 429 2720 ut
445 2655 585 2719 nondum
598 2655 736 2733 eosdem,
753 2655 798 2720 ita
815 2677 855 2720 cx
871 2656 932 2722 illis
950 2666 1034 2722 ortos
1053 2657 1081 2721 si
1093 2657 1269 2742 Hispaniae
1283 2655 1348 2743 Sy·

317 2750 422 2815 riaeve
440 2749 529 2816 miles
544 2759 770 2835 aspernaretur,
789 2759 896 2816 tamen
907 2750 1020 2816 mirum
1039 2761 1070 2816 et
1086 2751 1251 2837 indignum
1264 2761 1347 2818 erat:

317 2845 458 2931 primane
485 2854 515 2910 et
540 2844 690 2910 vicesima
714 2843 868 2932 legiones,
895 2845 949 2910 illa
974 2846 1072 2932 signis
1099 2870 1118 2911 a
1140 2845 1267 2911 Tiberio
1293 2867 1349 2911 ac-

318 2939 430 3025 ceptis,
453 2948 489 3004 tu
505 2948 552 3004 tot
567 2939 756 3025 proeliorum
774 2939 873 3017 socia,
895 2949 941 3004 tot
962 2940 1109 3026 praemiis
1128 2948 1232 3018 aucta,
1256 2961 1349 3026 egre·

318 3035 404 3122 giam
416 3034 489 3100 duci
502 3044 605 3100 vestro
618 3035 751 3122 gratiam
763 3034 905 3100 refertis?
921 3033 1006 3101 hunc
1022 3057 1082 3121 ego
1091 3035 1235 3100 nuntium
1251 3034 1346 3119 patn',

317 3129 400 3196 laeta
422 3130 527 3195 omnia
548 3130 617 3195 aliis
640 3153 657 3196 e
675 3129 843 3216 provinciis
867 3129 1018 3207 audienti,
1042 3129 1161 3194 seram?
1182 3128 1282 3215 ipsius
1306 3129 1347 3192 ti-

317 3246 423 3301 rones,
447 3225 547 3310 ipsius
566 3234 729 3289 veteranos
747 3247 811 3289 non
832 3224 995 3301 missione,
1017 3246 1080 3288 non
1097 3223 1230 3308 pecunia
1249 3222 1347 3288 satia-

318 3327 382 3396 t0s;
400 3317 453 3382 hic
470 3327 591 3382 tantum
608 3317 739 3383 interfici
757 3319 962 3396 centuriones,
981 3318 1040 3384 eici
1057 3318 1207 3395 tribunos,
1225 3315 1347 3382 includi

317 3412 453 3497 legat0s3
479 3411 596 3476 infecta
617 3412 770 3498 sanguine
792 3421 908 3491 eastra,
934 3413 1077 3491 flumina,
1102 3434 1216 3496 meque
1236 3433 1349 3497 precu-

268 3528 300 3576 43
318 3505 397 3570 riam
414 3504 550 3568 animam
566 3505 647 3568 inter
663 3504 804 3572 infensos
821 3507 952 3572 trahere.
975 3529 1031 3573 cur
1047 3507 1132 3572 enim
1152 3506 1253 3591 primo
1271 3526 1348 3570 con-

319 3598 412 3664 tionis
431 3598 482 3664 die
495 3597 613 3664 ferrum
626 3599 713 3678 illud,
732 3601 817 3684 quod
827 3602 945 3686 pectori
956 3624 1027 3666 meo
1040 3601 1170 3686 infigere
1182 3597 1345 3684 parabam,

319 3693 511 3771 detraxistis,
530 3716 550 3759 ο
566 3693 722 3779 inprovidi
740 3695 850 3760 amici?
870 3695 990 3766 melius.
1001 3705 1031 3760 et
1049 3694 1203 3759 amantius
1220 3692 1273 3756 ille
1290 3692 1346 3775 qui

319 3789 460 3876 gladium
473 3787 638 3867 offerebam
653 3788 837 3854 cecidissem
849 3798 932 3854 certe
944 3789 1085 3855 nondum
1096 3797 1144 3852 tot
1156 3786 1347 3873 flagitiorum

242 3937 248 3948 ,
320 3883 469 3950 exercitui
486 3905 557 3949 meo
575 3884 717 3950 conscius
723 3909 732 3963 ;
754 3882 910 3970 legissetis
928 3883 1053 3960 ducem,
1076 3881 1131 3966 qui
1152 3903 1255 3944 meam
1277 3879 1347 3963 qui-

321 3977 393 4043 dem
410 3988 542 4044 mortem
563 3978 738 4064 inpunitum
760 3978 888 4056 sineret,
910 3975 989 4043 Vari
1010 3986 1115 4041 tamen
1137 3983 1168 4040 et
1190 3974 1284 4039 trium
1300 3973 1347 4038 le-

320 4070 450 4157 gionum
471 4071 681 4138 ulcisceretur.
708 4093 809 4157 neque
831 4071 914 4138 enim
931 4071 964 4136 di
986 4071 1089 4137 sinant
1110 4077 1146 4133 ut
1161 4067 1345 4154 Belgarum,

320 4184 510 4249 quamquam
528 4165 740 4245 offerentium,
763 4167 859 4232 decus
876 4165 961 4232 istud
978 4174 1009 4231 et
1026 4161 1178 4229 claritudo
1197 4161 1251 4240 sit,
1271 4159 1347 4226 sub-
