2960 4962
266 464 270 474 .
389 411 599 471 ANNALIUM
616 413 691 468 LIB.
705 415 758 470 111.
776 415 896 472 57-62.
1091 409 1152 474 lO'l

127 518 146 556 p.
155 505 193 547 cn.
203 507 237 546 22.

126 597 180 658 que
197 574 323 638 litteras
337 582 447 638 canna
462 573 598 657 patrium
615 595 743 637 morem.
765 574 913 640 recitatae
931 585 962 641 et
973 577 1073 642 Drusi
1090 581 1156 665 epi-

127 668 229 745 stulae,
249 688 449 751 quamquam
462 667 504 730 ad
516 666 702 731 modestiam
720 667 829 746 flexae,
849 691 906 754 pro
924 671 1155 756 superbissimis

126 763 334 848 accipiuntur:
362 762 424 826 huc
445 761 600 826 decidisse
623 771 736 826 cuncta
757 771 792 826 ut
817 785 857 828 ne
882 765 1004 830 iuvenis
1030 768 1156 850 quidem

127 868 205 923 tanto
222 858 349 923 honore
366 867 496 942 accepto
514 857 613 921 adiret
625 856 712 922 urbis
730 857 817 936 deos,
835 859 1051 945 ingrederetur
1067 883 1157 927 sena-

126 961 195 1028 tum,
214 952 365 1038 auspicia
383 952 493 1016 saltem
507 951 622 1039 gentile
640 951 726 1036 apud
744 952 846 1017 solum
859 953 1022 1039 inciperot3
1040 954 1157 1020 bellum

127 1045 248 1123 scilicet,
269 1055 327 1110 ant
340 1045 466 1110 diverso
480 1059 630 1110 terrarum
644 1045 794 1123 distineri,
812 1045 904 1110 litora
917 1056 948 1111 et
959 1047 1047 1112 laous
1062 1047 1158 1114 Cam·

102 1140 230 1223 ·paniae
250 1163 327 1204 cum
345 1140 483 1205 maxime
499 1149 731 1226 peragrantem:
750 1140 796 1206 sio
812 1141 912 1206 imbui
933 1152 1085 1210 rectorem
1102 1165 1158 1230 gc·

127 1235 203 1300 neris
220 1233 373 1312 humani3
391 1235 424 1298 id
436 1235 583 1344 primurn
591 1257 608 1298 e
625 1235 762 1320 paternis
775 1235 915 1301 consiliis
929 1238 1062 1317 discere3
1082 1261 1156 1303 sane

125 1339 308 1412 gravaretur
335 1339 499 1414 aspectum
525 1329 641 1394 civium
667 1351 763 1394 senex
784 1330 953 1415 imperator
976 1332 1156 1442 fessamque

128 1432 257 1487 aetatem
282 1438 315 1489 et
338 1433 425 1488 actos
451 1422 575 1488 labores
601 1423 831 1508 praetenderet.
858 1424 967 1491 Druso
989 1427 1156 1510 quodnisi

129 1539 165 1580 ex
180 1517 372 1606 adrogantia
388 1517 665 1627 impedimentum?

186 1610 254 1678 Sed
273 1612 472 1677 Tiberius
442 1635 507 1676 vnn
528 1612 721 1697 principatus
744 1612 805 1678 sibi
821 1613 995 1694 firmans,'
985 1617 1155 1704 rmaginem
1174 1638 1207 1686 eo

128 1706 317 1789 antiquitatis
338 1707 461 1772 senatui
483 1704 666 1791 praebebat,
689 1706 847 1792 postulata
867 1710 1097 1793 provinciarum
1115 1711 1155 1776 ad

128 1799 377 1883 disquisitionem
394 1809 519 1886 patrum
536 1801 702 1866 mittendo:
721 1802 938 1868 crebrescebat
955 1804 1038 1868 enim
1056 1802 1156 1869 Grae-

130 1915 177 1958 cas
200 1918 259 1981 per
285 1895 384 1960 urbes
410 1892 536 1960 lieentia
557 1905 650 1978 atque
672 1896 843 1982 impunitas
870 1897 959 1981 asyla
985 1899 1155 1975 statuendi3

129 1989 353 2073 conplebantur
365 1989 482 2074 templa
498 1989 646 2075 pessimis
660 1990 872 2067 servitiorum
890 1989 1002 2054 eodem
1016 1990 1157 2054 subsidio

130 2080 262 2148 obaerati
285 2084 457 2148 adversum
479 2085 646 2149 creditores
674 2084 875 2169 suspectique
898 2083 1077 2169 capitalium
1099 2084 1157 2148 cri-

130 2176 243 2244 minum
259 2177 517 2264 receptabantur,
540 2201 600 2246 nec
617 2178 717 2243 ullum
736 2177 813 2242 satis
832 2177 969 2241 validum
992 2177 1156 2262 imperium

132 2281 190 2336 erat
210 2273 395 2338 coercendis
418 2273 621 2338 seditionibus
643 2274 766 2360 populi,
794 2272 914 2359 flagitia
938 2272 1100 2337 hominum
1122 2281 1157 2337 ut
1203 2341 1206 2348 ,

131 2368 330 2434 caerimonias
343 2368 438 2432 deum
451 2369 654 2454 protegentis.
676 2368 773 2454 igitur
785 2367 934 2453 placitum
951 2377 987 2430 ut
1000 2367 1157 2433 mitterent

133 2459 266 2528 civitates
285 2463 356 2526 iura
373 2471 467 2546 atque
484 2462 620 2548 legatos.
643 2471 674 2526 et
691 2462 845 2546 quaedam
863 2462 949 2546 quod
967 2460 1048 2526 falso
1066 2485 1157 2527 usur-

131 2567 275 2638 paverant
294 2566 406 2666 spopte
424 2557 572 2635 omisere3
594 2557 711 2622 multae
728 2557 859 2622 vetustis
884 2557 1156 2643 superstitionibus

134 2661 182 2714 aut
204 2652 325 2717 meritis
351 2651 386 2715 in
410 2652 562 2737 populum
587 2651 767 2717 Romanum
797 2651 949 2730 fidebant3
980 2671 1158 2737 magnaque

133 2743 193 2808 eius
211 2747 275 2811 diei
294 2746 414 2830 species
433 2745 506 2823 fuit,
525 2767 589 2830 quo
607 2756 734 2812 senatus
752 2747 906 2810 maiorum
923 2745 1089 2822 beneficia,
1108 2767 1159 2808 so-

135 2837 245 2905 ciorum
267 2854 376 2926 pacta,
403 2863 515 2926 regum
537 2841 630 2904 etiam
653 2841 707 2924 qui
729 2850 802 2905 ante
824 2841 888 2904 sim
906 2839 1083 2904 Romanam
1104 2861 1157 2902 va·

134 2930 247 3000 lucrant
256 2936 385 2999 decreta
397 2934 599 3020 ipsorumque
608 2935 775 2999 numinum
787 2933 956 3018 religiones
964 2931 1158 3016 introspexit,

134 3023 238 3107 libero,
256 3037 295 3093 ut
311 3029 484 3112 quondam,
503 3029 579 3112 quid
596 3029 736 3094 firmaret
753 3035 937 3091 mutaretve.

187 3121 288 3188 Primi
313 3123 453 3186 omnium
479 3123 612 3208 Ephesii
639 3123 758 3198 adiere,
785 3128 995 3184 memorantes
1021 3137 1099 3194 non,
1126 3126 1162 3181 ut
1180 3137 1209 3184 61

137 3215 242 3304 uulgus
265 3218 421 3294 crederet,
444 3217 583 3282 Dianam
605 3228 700 3301 atque
717 3213 901 3302 Apollinem
918 3213 1002 3278 Delo
1024 3213 1161 3298 genitos:

138 3331 200 3376 esse
222 3312 310 3400 apud
334 3335 368 3376 se
387 3311 586 3378 Cenchreum
608 3335 746 3389 amnem,
774 3311 881 3374 lucum
900 3308 1081 3396 Ortygiam,
1107 3307 1163 3374 ubi

138 3402 290 3472 Latonam
304 3415 397 3492 partu
409 3407 573 3493 gravidam
586 3416 617 3471 et
630 3407 726 3484 oleae,
745 3427 826 3490 quae
840 3414 907 3470 tum
921 3405 1015 3470 etiem
1028 3414 1161 3482 maneat,

139 3498 276 3566 adnisam
294 3502 431 3566 edidisse
454 3523 492 3567 ea
509 3502 638 3566 numina
654 3504 847 3586 deorumque
862 3503 989 3567 monitu
1007 3510 1163 3566 sacratum

139 3613 258 3674 nemns3
281 3605 377 3678 atque
399 3596 504 3705 ipsum
526 3595 590 3660 illie
607 3595 788 3681 Apollinem
805 3607 879 3682 post
899 3596 1079 3662 interfectos
1100 3594 1165 3676 Cy-

142 3686 239 3775 clopas
258 3689 378 3754 Iovis
369 3714 447 3754 iram
464 3690 629 3768 vitavisse,
652 3709 727 3756 mox
747 3690 901 3756 Liberum
924 3698 1059 3774 patrem,
1082 3686 1165 3749 bello

141 3781 298 3862 victorem,
323 3783 516 3869 supplicibus
534 3782 749 3862 Amazonum,
774 3807 855 3868 quae
873 3805 960 3848 mam
977 3780 1165 3854 insederant,

141 3873 310 3962 ignovissc3
330 3889 454 3943 auctam
467 3879 540 3943 binc
556 3901 710 3944 concessu
723 3877 883 3952 Herculis,
903 3897 975 3939 cum
987 3870 1095 3958 Lydia
1110 3891 1167 3956 po-

142 3979 264 4052 teretur,
298 3973 517 4038 caerimoniam
543 3974 674 4059 templo,
711 3991 813 4054 neque
845 3968 1015 4032 Persarum
1046 3964 1167 4031 dicione

143 4066 334 4133 deminutum
351 4068 416 4146 ius;
434 4078 506 4154 post
523 4068 732 4142 Macedonas,
751 4063 823 4128 dein
840 4085 898 4128 nos
918 4062 1102 4128 servavisse.

200 4163 345 4230 Proximi
362 4159 530 4250 Magnetes
548 4163 589 4227 L.
606 4160 764 4246 Scipionis
782 4168 813 4223 et
830 4159 870 4223 L.
892 4155 999 4224 Sullae
1018 4158 1168 4224 constitu·
1187 4172 1217 4221 62
