2958 4960
380 470 588 528 ANNALIUM
605 471 681 526 LlB.
695 472 732 525 11.
750 471 870 527 83-88.
1098 461 1140 526 79

112 575 130 614 p.
138 562 174 604 cs.
184 564 215 603 u.

111 631 195 697 lorem
213 630 300 708 tulit,
326 639 496 713 tamquam
513 639 623 694 auctus
642 628 748 694 liberis
765 628 893 695 Drusus
911 631 1040 697 domum
1058 628 1140 698 Ger-

110 726 211 791 manici
228 726 337 812 magis
358 735 498 812 urgeret.

162 820 287 885 Eodem
306 842 399 885 anno
420 818 571 906 gravibus
592 829 721 884 senatus
739 820 873 885 decretis
895 821 992 886 libido
1009 821 1140 886 femina-
1157 841 1190 888 85

108 939 169 980 rum
184 916 327 981 coercita
346 924 540 998 cautumque
557 937 597 979 ne
615 925 781 999 quaestum
803 937 933 1000 corpore
954 915 1072 980 faceret
1088 909 1140 981 cui

108 1031 176 1074 avus
193 1018 248 1074 aut
271 1019 372 1096 pater
394 1019 449 1074 aut
466 1009 596 1074 maritus
618 1031 715 1093 eques
733 1009 896 1074 Romanus
918 1009 1044 1076 fuisset:
1066 1033 1140 1074 nam

107 1102 236 1182 Vistilia,
264 1105 433 1190 praetoria
458 1103 578 1168 familia
602 1104 722 1191 genita,
749 1103 907 1170 licentiam
929 1106 1030 1190 stupri
1055 1105 1139 1192 apud

107 1198 213 1262 aediles
236 1200 446 1285 vulgaverat,
470 1221 556 1262 more
577 1199 659 1263 inter
680 1208 802 1264 veteres
823 1209 963 1285 recepto,
985 1200 1040 1282 qui
1063 1200 1139 1264 satis

107 1313 272 1374 poenarum
292 1294 469 1358 adversum
485 1292 650 1377 inpudicas
667 1293 700 1356 iu
721 1293 792 1378 ipsa
812 1293 1007 1378 professique
1029 1293 1139 1378 flagitii

89 1427 95 1436 ·
108 1386 279 1451 credebaut.
305 1396 457 1451 exactum
470 1396 505 1450 et
514 1409 534 1450 a
547 1387 665 1451 Titidio
680 1387 842 1465 Labeone,
861 1387 1004 1452 Vistiliae
1017 1389 1138 1464 marito,

109 1499 157 1544 eur
175 1481 209 1544 in
230 1503 338 1546 uxore
362 1481 469 1545 delicti
494 1481 661 1546 manifesta
685 1481 837 1546 ultionem
859 1482 939 1568 legis
965 1483 1137 1560 omisisset3

54 1620 61 1631 .
108 1581 191 1656 atque
213 1575 270 1640 illo
293 1575 522 1661 praetendente
546 1576 712 1662 sexaginta
737 1577 804 1640 dies
831 1577 872 1640 ad
897 1577 1138 1641 consrdtandum

109 1665 188 1732 datos
204 1670 350 1734 necdum
364 1670 561 1754 praeterisse,
580 1672 656 1735 satis
674 1671 779 1736 visum
797 1671 836 1735 de
849 1670 975 1736 Vistilia
987 1681 1138 1748 statuere3

109 1781 199 1844 eaque
215 1762 251 1826 in
269 1764 412 1828 insulam
432 1761 588 1850 Seriphon
606 1765 714 1829 abdita
731 1775 789 1829 est
811 1777 916 1830 aetum
934 1767 1021 1830 etde
1040 1765 1137 1830 sacris

110 1853 271 1942 Aegyptiis
295 1859 502 1942 Iudaicisque
527 1860 681 1945 pellendis
707 1861 888 1945 factumque
912 1872 1037 1946 patrum
1064 1883 1138 1924 cou-

110 1949 227 2029 sultum,
246 1963 284 2017 ut
303 1963 455 2037 quattuor
472 1955 557 2018 milia
568 1954 705 2020 libertini
721 1956 846 2041 generis
864 1977 903 2020 ea
919 1953 1139 2040 superstitione

109 2041 225 2123 infecta,
244 2048 323 2130 quis
341 2047 455 2112 idonea
472 2059 568 2126 aetas,
587 2049 620 2112 in
637 2049 773 2114 insulam
792 2046 971 2114 Sardiniam
989 2047 1139 2110 veheren-

111 2145 167 2215 tur,
189 2143 378 2207 coercendis
400 2143 464 2206 illic
485 2143 656 2208 latrociniis
674 2153 720 2222 et,
744 2144 771 2208 si
793 2142 834 2208 ob
857 2141 1043 2227 gravitatem
1061 2139 1139 2203 caeli

110 2228 297 2314 interissent,
324 2236 384 2301 vile
402 2237 566 2314 damnum;
590 2238 685 2302 ceteri
702 2238 848 2302 cederent
865 2235 971 2312 Italia,
993 2233 1055 2298 nisi
1072 2255 1139 2297 cer-

112 2331 169 2388 tam
185 2339 256 2394 ante
275 2331 363 2395 diem
380 2331 530 2416 profanos
548 2331 626 2397 ritus
645 2332 816 2396 exuissent.

168 2419 245 2488 Post
258 2448 345 2510 quae
358 2426 475 2491 rettulit
489 2425 611 2492 Caesar
623 2427 807 2511 capiendam
821 2426 975 2512 virginem
987 2424 1137 2489 inlocum
1155 2443 1188 2492 so

116 2508 237 2595 Occiae,
261 2542 348 2603 quae
371 2531 491 2606 septem
513 2532 546 2585 et
566 2520 794 2606 quinquaginta
814 2543 872 2606 per
893 2542 991 2586 annos
1014 2541 1138 2584 summa

115 2610 314 2678 sanctimonia
332 2613 513 2680 Vestalibus
537 2615 634 2680 sacris
652 2615 864 2700 praesederat3
887 2615 1013 2702 egitque
1030 2623 1136 2701 grates

116 2697 236 2771 Fonteio
262 2707 430 2794 Agrippae
457 2718 488 2772 et
513 2709 656 2773 Domitio
681 2707 832 2786 Pollioni,
864 2709 951 2793 quod
976 2708 1137 2774 offerendo

116 2792 186 2862 filias
211 2801 250 2866 de
278 2803 385 2867 officio
411 2804 445 2868 in
461 2827 528 2868 rem
554 2803 713 2890 publicam
736 2815 907 2869 certarent,v
928 2803 1068 2889 praelata
1088 2813 1139 2867 est

117 2884 257 2960 Pollionis
285 2896 364 2976 filia,
391 2920 455 2962 non
481 2899 521 2963 ob
548 2899 633 2964 aliud
658 2921 754 2982 quam
779 2900 865 2983 quod
890 2907 990 2962 mater
1016 2898 1083 2961 eius
1104 2897 1139 2959 in

118 2983 216 3087 eodem
238 2991 387 3076 coniugio
408 2993 569 3070 manebat3
592 3015 665 3056 nam
688 2991 834 3078 Agrippa
855 2991 987 3055 discidio
1010 2991 1138 3054 domum

119 3080 320 3163 lmminuerat3
334 3096 366 3149 et
376 3083 496 3150 Caesar
503 3087 646 3170 quamvis
661 3085 873 3172 posthabitam
887 3083 991 3147 decies
1005 3081 1139 3146 sestertii

120 3169 183 3237 dote
199 3179 319 3243 solatus
339 3190 395 3244 est.

176 3266 346 3338 Saevitiam
372 3297 514 3340 annonae
540 3275 703 3340 incusante
729 3271 823 3359 plebe
849 3271 957 3338 statuit
981 3267 1138 3335 frumento
1156 3288 1188 3336 87

121 3363 240 3439 pretium
257 3369 344 3451 quod
362 3378 484 3454 emptor
504 3369 667 3456 penderet,
691 3368 845 3452 binosque
867 3389 1012 3432 nummos
1031 3387 1065 3430 se
1083 3363 1138 3429 ad-

121 3450 243 3525 diturum
256 3463 503 3549 negotiatoribus
516 3465 550 3528 in
563 3464 704 3550 singulos
717 3465 854 3543 modios;
868 3483 969 3547 neque
983 3471 1088 3526 tamen
1096 3459 1139 3525 ob

122 3565 153 3610 0³
162 3557 296 3635 parentis
309 3557 428 3644 patriae
442 3557 580 3624 delatum
599 3568 630 3622 et
649 3568 741 3624 antea
755 3558 943 3624 vocabulum
962 3555 1137 3642 adsumpsit

122 3645 281 3734 acerbeque
303 3651 457 3736 increpuit
479 3674 533 3718 eos
556 3652 610 3736 qui
631 3653 753 3720 divinas
777 3653 996 3738 occupationes
1018 3650 1137 3734 ipsum-

123 3753 173 3816 que
196 3744 356 3809 dominum
383 3746 540 3812 dixerant:
565 3748 649 3812 unde
676 3760 811 3834 angusta
836 3759 867 3812 et
892 3745 1013 3810 lubrica
1037 3741 1136 3806 oratio

123 3831 172 3897 tub
187 3839 325 3925 principe
343 3841 397 3925 qui
409 3840 584 3906 libertatem
602 3843 771 3919 metuebat,
790 3840 1001 3906 adulationem
1018 3836 1135 3900 oderat.

174 3929 309 4021 Reperio
326 3938 411 4023 apud
434 3938 600 4023 scriptores
623 3946 844 4019 senatoresque
867 3930 1036 3997 eorundem
1058 3939 1136 3993 tem·
1154 3945 1186 3997 es

122 4037 218 4104 potum
240 4030 481 4118 Adgandestrii,
508 4033 657 4118 principis
682 4031 882 4104 Chattorum,
909 4026 1006 4090 lectas
1032 4024 1065 4088 in
1087 4045 1136 4088 se-

124 4131 184 4186 natu
202 4125 324 4194 litteras
346 4126 460 4211 quibus
482 4138 615 4194 mortem
636 4125 774 4192 Arminii
794 4121 1008 4210 promittebat,
1032 4119 1060 4185 si
1080 4141 1136 4206 pa-

123 4217 235 4288 flandae
253 4223 324 4288 neci
342 4245 497 4289 venenum
515 4222 701 4299 mitteretur,
719 4238 967 4307 responsumque
985 4235 1134 4282 essenon
