2958 4960
383 419 869 480 suutumuum.n.aa-aa
1095 407 1137 474 tt

119 513 187 565 acb.
198 514 232 554 16.

177 581 267 646 Inter
278 601 358 663 quae
371 579 414 643 L.
427 577 505 643 Piso
518 577 669 644 ambitum
682 576 752 655 fori,
772 587 916 662 corrupta
927 577 1051 657 iudicia,
1070 601 1139 646 sae-
1157 599 1189 647 aa

118 675 222 740 vitiam
240 681 398 738 oratorum
415 671 629 736 accusationes
647 670 855 736 minitantium
871 671 1035 757 increpans
1053 672 1139 738 abire

118 790 150 833 se
165 778 198 833 ct
214 767 326 833 cedere
342 765 436 844 urbe,
454 764 609 830 victurum
625 764 659 828 in
676 763 781 847 aliquo
798 763 905 830 abdito
923 775 954 829 ct
970 766 1139 852 longinquo

116 883 184 926 rure
205 860 395 937 testabatur3
420 857 514 924 simul
531 857 648 922 curiam
670 857 874 940 relinquebat.
901 870 1075 925 commotus
1093 870 1141 924 est

118 955 275 1031 Tiberius,
299 963 332 1019 et
352 973 545 1037 quamquam
564 950 695 1016 mitibus
712 951 817 1017 verbis
835 950 984 1018 Pisonem
1005 954 1141 1039 permul-

118 1048 216 1126 sisset,
236 1046 429 1133 propinquos
442 1066 566 1129 quoque
580 1043 646 1110 eiua
659 1045 782 1130 impulit
798 1055 834 1110 ut
852 1045 1018 1112 abeuntem
1035 1057 1141 1116 aucto-

116 1143 202 1208 ritate
220 1142 272 1206 vel
289 1139 436 1226 precibus
454 1147 602 1204 tenerent
624 1138 709 1204 haud
726 1139 829 1205 minus
846 1139 935 1206 liberi
952 1140 1067 1206 doloris
1086 1141 1141 1206 do-

117 1245 297 1301 cumentum
314 1235 400 1299 idem
417 1233 494 1298 Piso
511 1255 588 1297 mox*
603 1233 689 1297 dedit
709 1243 821 1299 vocata
837 1233 870 1299 in
887 1234 935 1300 ius
954 1235 1139 1322 Urgulania,

117 1351 207 1412 quam
234 1351 333 1414 supra
357 1327 445 1414 leges
466 1326 601 1391 amicitia
622 1324 789 1414 Augustae
811 1328 976 1395 extulerat:
1002 1351 1061 1395 nec
1087 1341 1141 1396 aut

117 1422 291 1511 Urgulania
305 1420 540 1506 obtemperavit,
557 1421 592 1485 in
604 1421 731 1486 domum
745 1420 891 1490 Caesaris
906 1433 1010 1510 spreto
1022 1423 1139 1490 Pisone

117 1527 212 1595 vecta,
230 1525 288 1582 aut
305 1516 358 1580 ille
376 1514 538 1592 abscessit,
555 1537 746 1599 quamquam
762 1513 911 1604 Augusta
928 1540 963 1584 se
980 1519 1090 1584 violari
1107 1529 1139 1584 et

117 1610 255 1678 imminui
269 1619 465 1695 quereretur3
483 1609 638 1689 Tiberius,
653 1611 802 1677 hactenus
815 1612 977 1700 indulgere
990 1615 1080 1680 matri
1096 1615 1140 1680 ci-

117 1705 173 1771 vile
189 1715 294 1782 ratus,
317 1713 354 1770 ut
371 1727 404 1770 se
421 1704 537 1769 iturum
554 1705 594 1768 ad
615 1705 766 1790 praetoris
788 1706 936 1786 tribuual,
959 1708 1139 1774 adfuttuum

117 1798 311 1886 Urgulaniae
333 1798 462 1876 diceret,
485 1799 637 1884 processit
656 1800 785 1886 palatio,
807 1802 916 1887 procul
938 1802 1028 1886 sequi
1043 1803 1138 1868 iussis

117 1893 274 1960 militibus.
307 1892 507 1979 spectabatur
531 1905 713 1961 occursante
734 1897 851 1981 populo
873 1898 1064 1983 compositus
1086 1920 1140 1963 ore

117 1995 145 2050 et
161 1986 361 2054 sermonibus
378 1986 472 2051 variis
486 1995 608 2073 tempus
622 1997 714 2072 atque
732 1989 790 2054 iter
806 1989 933 2068 ducens,
952 1991 1053 2055 donec
1069 2012 1141 2076 pro-

117 2082 238 2166 pinquis
256 2082 409 2147 Pisonem
427 2080 542 2146 frustra
559 2082 772 2148 coercentibus
791 2081 905 2148 deferri
920 2083 1070 2171 Augusta
1086 2106 1141 2170 pe·

119 2177 238 2241 cuniam
261 2197 344 2260 quae
368 2174 533 2260 petebatur
557 2174 693 2242 iuberet:
718 2177 808 2260 isque
833 2177 904 2243 finis
930 2178 990 2256 rei,
1017 2199 1057 2242 ex
1078 2199 1142 2261 qua
1224 2205 1233 2218 ·

119 2292 214 2355 neque
227 2271 308 2336 Piso
325 2271 477 2357 inglorius
496 2279 527 2335 et
541 2269 660 2336 Caesar
672 2271 789 2336 maiore
807 2271 893 2337 fama
909 2272 979 2337 fuit.
1002 2281 1139 2338 ceterum

119 2363 312 2452 Urgulaniae
334 2365 473 2449 potentia
494 2365 572 2429 adeo
594 2363 691 2430 nimia
716 2364 833 2431 civitati
851 2375 917 2432 erat
939 2375 974 2431 ut
996 2365 1085 2432 testis
1107 2365 1140 2429 in

120 2479 210 2524 causa
226 2459 365 2543 quadam
383 2479 464 2541 quae
486 2459 570 2543 apud
592 2467 735 2524 senatum
756 2459 947 2524 tractabatur
963 2459 1069 2524 venire
1086 2458 1141 2523 de-

120 2551 310 2639 dignaretur:
330 2552 445 2618 missus
463 2561 512 2616 est
527 2561 653 2644 praetor
669 2551 723 2634 qui
740 2552 825 2618 domi
837 2553 1050 2640 interrogaret,
1068 2575 1140 2618 cum

120 2647 252 2734 virgines
270 2645 417 2712 Vestales
434 2646 468 2713 in
484 2647 553 2711 foro
571 2655 603 2710 ct
618 2645 734 2711 iudicio
751 2647 865 2725 audiri,
887 2647 1033 2732 quotiens
1054 2646 1141 2712 testi-

121 2742 256 2806 monium
275 2740 427 2818 dicerent,
446 2749 537 2805 vetus
554 2762 624 2805 mos
642 2739 746 2805 suerit.

178 2835 246 2900 Res
264 2856 303 2899 co
321 2857 403 2899 anno
419 2833 556 2919 prolatas
574 2832 659 2898 haud
675 2833 838 2912 referrem,
860 2835 893 2898 ni
909 2834 1043 2921 pretium
1060 2832 1142 2898 foret
1159 2850 1192 2899 35

123 2926 176 2994 Cu.
189 2927 320 2994 Pisonis
338 2936 369 2992 et
381 2925 487 2992 Asinii
502 2925 587 2992 Galli
604 2949 699 3013 super
716 2950 753 2993 eo
769 2928 896 3013 negotio
914 2927 1053 2992 diversas
1072 2949 1143 2991 sen-

121 3025 227 3088 tentias
243 3043 384 3087 noscere.
402 3021 489 3099 Piso,
503 3043 694 3107 quamquam
707 3021 867 3086 afuturum
881 3041 915 3085 se
929 3020 1048 3084 dixerat
1062 3018 1144 3084 Cae-

122 3139 180 3195 sar,
203 3117 245 3183 ob
267 3116 302 3180 id
322 3115 424 3201 magis
446 3116 586 3202 agendas
609 3115 773 3191 censebat,
795 3123 831 3178 ut
854 3113 983 3178 absente
1004 3110 1143 3197 principe

122 3221 262 3275 senatum
275 3219 307 3274 et
320 3209 440 3292 equites
453 3231 548 3294 posse
566 3233 624 3274 sua
636 3208 745 3276 munia
762 3208 915 3274 sustinere
933 3207 1082 3272 decorum
1098 3205 1144 3272 rei

122 3304 261 3388 publicae
278 3302 368 3367 soret.
397 3299 522 3380 Gallus,
547 3303 620 3386 quia
638 3303 775 3388 speciem
791 3301 943 3368 libertatis
960 3299 1037 3366 Piso
1054 3322 1144 3386 prae-

123 3407 256 3484 ceperat,
282 3395 361 3461 nihil
382 3397 458 3462 satis
479 3396 610 3462 inlustre
632 3405 686 3463 aut
707 3417 748 3461 ex
774 3396 925 3483 dignitate
949 3395 1058 3484 populi
1078 3396 1144 3460 Ro-

123 3494 201 3558 mani
217 3492 281 3557 nisi
299 3514 404 3556 coram
422 3501 453 3556 et
470 3491 529 3556 sub
548 3491 646 3557 oculis
666 3489 820 3570 Caesaris,
839 3513 938 3575 eoque
956 3500 1145 3556 conventum

123 3587 227 3654 ltaliae
246 3595 278 3651 et
296 3585 460 3652 adfluentis
482 3585 660 3670 provincias
683 3587 879 3671 praesentiae
900 3585 968 3651 cius
992 3583 1145 3649 servanda

124 3681 251 3747 dicebat.
274 3679 421 3744 audiente
438 3679 517 3756 haec
530 3679 657 3744 Tiberio
674 3702 712 3744 ac
725 3680 834 3746 silente
848 3678 971 3766 magnis
990 3677 1145 3758 utrimque

124 3773 370 3842 contentionibus
388 3782 471 3838 acta:
491 3773 548 3837 sed
565 3795 615 3838 res
632 3773 756 3840 dilatae.

181 3869 227 3934 Et
250 3877 408 3933 certamen
430 3864 524 3933 Gallo
546 3867 700 3932 ¹adversus
723 3866 893 3933 Caesarem
919 3871 1062 3928 exortum
1084 3869 1144 3928 cst:
1164 3880 1196 3929 at

123 3985 192 4028 nam
218 3963 344 4028 censuit
363 3962 397 4026 in
418 3961 664 4045 quinquennium
681 3962 921 4048 magistratuum
945 3957 1071 4023 comitia
1091 3956 1147 4020 ha-

124 4055 237 4135 benda,
255 4065 353 4139 utque
370 4055 530 4141 legionum
547 4055 657 4140 legati,
680 4055 735 4138 qui
752 4063 823 4119 ante
840 4063 1017 4138 praeturam
1035 4073 1072 4118 ea
1088 4051 1146 4116 mi-

124 4149 186 4216 litia
202 4149 432 4236 fungebantur,
454 4148 518 4214 iam
536 4158 603 4213 tum
619 4157 778 4235 praetores
800 4148 1040 4227 destinarentur3
1062 4147 1147 4234 prin-
