3020 4958
423 457 628 517 rruuuruu
645 459 719 514 aru.
738 460 815 516 xrv.
834 462 936 517 r-ro.
1124 451 1188 520 259

165 565 184 604 p.
195 552 235 593 cr.
245 552 279 592 aa.

163 619 418 705 respondentium
437 617 538 682 omnis
556 639 612 680 ora
626 617 787 702 compleri3
806 619 942 684 adfluere
955 621 1066 708 ingens
1084 623 1187 688 multi-

163 714 235 777 tudo
255 735 328 776 cnm
346 710 526 786 luminibus,
545 720 639 793 atque
656 710 710 774 ubi
728 711 915 776 incolumem
933 735 1004 779 esse
1021 718 1186 800 pernotuit,

161 819 194 871 ut
211 808 254 872 ad
276 806 466 892 gratandum
485 826 554 870 sese
576 805 737 888 expedire,
760 805 861 870 donec
878 819 1008 892 aspectu
1029 810 1140 874 armati
1156 820 1187 876 et

161 901 332 966 minitantis
351 897 485 985 agminis
504 898 624 962 disiecti
642 909 725 964 sunt.
752 899 906 966 Anicetus
929 902 1035 967 villam
1054 904 1186 968 statione

160 995 335 1060 circumdat
350 994 546 1076 refractaque
563 993 658 1058 ianua
675 993 784 1058 obvios
804 1017 965 1060 servorum
983 995 1109 1082 abripit,
1132 998 1188 1062 do-

159 1111 215 1153 nec
234 1087 277 1152 ad
295 1088 378 1152 fores
396 1085 531 1152 cubiculi
548 1087 680 1162 veniret,
700 1087 751 1150 cui
768 1088 861 1172 pauci
877 1088 1057 1167 adstabant,
1077 1091 1186 1156 ceteris

159 1194 276 1248 terrore
294 1181 538 1266 inrumpentium
555 1181 719 1244 exter-ritis.
746 1181 889 1247 cubiculo
907 1183 1065 1249 modicum
1082 1184 1187 1248 lumen

157 1276 259 1340 inerat
273 1284 305 1340 et
318 1275 499 1339 ancillarum
517 1297 588 1351 una,
607 1274 709 1360 magis
723 1297 760 1338 ac
778 1276 879 1361 magis
893 1277 987 1342 anxia
998 1277 1185 1364 Agrippina,

158 1370 244 1453 quod
261 1391 355 1434 nemo
373 1391 392 1432 a
409 1368 473 1432 filio
491 1391 528 1432 ac
545 1388 585 1432 ne
597 1367 758 1453 Agerinus
772 1369 912 1452 quidem:
931 1370 1024 1436 aliam
1042 1372 1109 1436 fore
1126 1372 1187 1436 lae-

158 1474 210 1528 tae
230 1466 279 1527 rei
300 1461 427 1538 faciem3
454 1483 538 1526 nunc
560 1461 759 1526 solitudinem
781 1485 818 1528 ac
839 1465 1016 1549 repentinos
1039 1465 1185 1550 strepitus

158 1566 189 1621 et
206 1555 339 1621 extremi
352 1555 427 1620 mali
439 1555 562 1620 indicia.
574 1556 720 1622 'abeunte
733 1557 846 1622 dehinc
859 1559 972 1623 ancilla
990 1569 1043 1637 „tu
1061 1579 1186 1642 quoquc

157 1671 208 1714 me
226 1650 388 1715 deseris?“
406 1650 577 1735 prolocuta,
595 1651 722 1736 respicit
733 1650 904 1718 Anicetum
922 1653 1089 1720 trierarcho
1102 1651 1186 1718 Her-

157 1743 259 1808 culeio
277 1754 308 1808 et
327 1741 469 1822 Obarito,
489 1745 668 1809 centurione
684 1745 854 1824 classiario,
873 1747 1068 1825 comitatum,
1088 1769 1138 1812 ac:
1157 1748 1185 1814 si

157 1839 197 1902 ad
214 1838 380 1902 visendum
398 1838 550 1914 venisset,
572 1838 705 1902 refotam
727 1840 895 1917 nuntiaret,
919 1841 968 1905 sin
990 1840 1112 1906 facinus
1130 1864 1186 1926 pa-

156 1941 308 2007 traturus,
328 1931 405 1996 nihil
423 1954 456 1996 se
475 1933 514 1996 de
531 1933 596 1997 filio
613 1933 753 2009 credare3
776 1955 839 1997 non
856 1934 1042 2018 imperatum
1059 1933 1186 2017 parrici-

156 2025 253 2090 dium.
285 2025 519 2092 circumsistunt
543 2026 659 2090 lectum
681 2047 882 2110 percussores
906 2036 936 2090 et
957 2027 1042 2110 prior
1063 2026 1185 2090 trierar-

156 2119 235 2184 chus
253 2117 331 2184 fusti
353 2131 447 2205 caput
469 2121 536 2184 eius
558 2119 692 2196 adflixit3
715 2141 790 2182 nam
811 2121 845 2184 in
862 2129 992 2184 mortem
1014 2118 1185 2185 centurioni

155 2211 273 2277 ferrum
287 2213 492 2299 destringenti
504 2213 693 2299 protendens
707 2223 830 2277 uterum
850 2223 1011 2294 „ventrem
1024 2212 1108 2278 seri“
1130 2235 1184 2278 ex-

154 2306 316 2383 clamavit;
335 2306 503 2390 multisque
521 2305 702 2372 vulneribus
721 2307 865 2374 confecta
882 2316 939 2372 est.
1305 2323 1321 2358 ⁰

219 2399 311 2464 Haeo
329 2421 486 2465 consensu
502 2401 689 2486 produntur:
712 2401 909 2486 aspexeritne
927 2415 1058 2466 matrem
1077 2402 1183 2466 exani·
1201 2421 1215 2468 9

154 2515 236 2558 mem
259 2493 344 2558 Nero
367 2503 397 2558 et
418 2494 552 2558 formam
574 2495 712 2579 corporis
735 2496 802 2560 eius
824 2495 1011 2573 laudaverit,
1035 2504 1108 2560 sunt
1129 2496 1184 2579 qui

155 2587 351 2665 tradiderint,
375 2597 449 2652 sunt
470 2589 524 2671 qui
547 2587 693 2653 abnuant.
722 2599 858 2656 cremata
879 2600 928 2655 est
948 2603 1039 2658 nocte
1062 2591 1181 2667 eadem,

154 2681 309 2745 convivali
330 2681 411 2745 lecto
434 2690 466 2746 et
488 2681 628 2764 exequiis
650 2682 778 2761 rilibus3
801 2705 916 2767 neque,
940 2686 1016 2750 dum
1033 2683 1117 2749 Nero
1134 2705 1182 2749 re-

152 2798 222 2838 rum
235 2773 422 2860 potiebatur,
441 2786 592 2861 congesta
604 2785 658 2840 aut
676 2775 783 2840 clausa
799 2777 929 2842 burnus:
947 2801 1022 2842 mox
1034 2778 1182 2842 domesti-

153 2891 261 2934 corum
279 2892 355 2934 cura
370 2870 473 2934 levem
492 2871 646 2935 tumulum
664 2872 796 2955 accepit,
821 2872 904 2936 viam
922 2871 1038 2936 Miseni
1055 2882 1182 2956 propter

153 2973 184 3027 et
201 2964 309 3027 villam
329 2963 475 3029 Caesaris
498 2964 671 3040 dictatoris,
695 2984 776 3046 quae
795 2963 952 3028 subiectos
970 2965 1058 3028 sinus
1076 2964 1182 3029 editis-

153 3057 233 3120 sima
255 3067 442 3142 prospectat
475 3079 607 3122 accenso
629 3077 707 3142 rogo
729 3055 859 3121 libertus
882 3057 949 3120 eius
972 3067 1180 3141 cognomento

151 3150 297 3214 Mnester
318 3151 386 3238 ipse
407 3175 438 3216 se
455 3151 538 3216 ferro
560 3151 724 3236 transegit,
747 3151 901 3215 incertum
923 3150 1050 3216 caritate
1072 3149 1104 3213 in
1126 3172 1181 3235 pa-

152 3255 276 3310 tronam
294 3269 335 3308 an
352 3256 437 3310 rnatu
455 3246 551 3322 exitii,
578 3245 662 3309 hunc
681 3245 730 3310 sui
747 3244 842 3308 finem
859 3243 974 3308 multos
993 3253 1064 3308 ante
1082 3265 1180 3307 annos

152 3338 327 3402 crediderat
339 3340 516 3425 Agrippina
534 3347 838 3424 contempseratque;
856 3361 929 3402 nam
942 3337 1115 3403 consulenti
1129 3361 1181 3402 su-

151 3455 208 3516 per
216 3431 341 3498 Nerone
349 3434 575 3520 responderant
581 3432 734 3499 Chaldaei
742 3433 809 3498 fore
818 3444 853 3499 ut
860 3434 1028 3519 imperaret
1035 3447 1181 3498 matrem-

151 3547 214 3610 que
234 3526 402 3605 occideret3
421 3538 514 3610 atque
531 3527 585 3592 illa
604 3528 768 3606 „occidat“
787 3528 888 3611 inquit
906 3528 1001 3607 „dum
1018 3527 1179 3612 imperet.“

219 3617 285 3684 Sed
303 3645 322 3685 a
337 3621 474 3686 Caesare
487 3622 627 3707 perfecto
640 3623 767 3686 demum
780 3622 896 3687 scelere
910 3622 1093 3708 magnitudo
1111 3621 1178 3684 eius
1200 3639 1246 3694 ro.

151 3714 309 3780 intellecta
332 3725 393 3781 est:
415 3716 535 3800 reliquo
557 3717 657 3781 noctis
675 3717 769 3781 modo
790 3739 847 3801 per
868 3717 1025 3782 silentium
1047 3714 1179 3788 defixa,

152 3809 279 3895 saepius
296 3832 413 3895 pavore
432 3815 605 3896 exsurgens
627 3820 659 3875 et
675 3810 788 3876 mentis
806 3810 897 3893 inops
918 3809 1020 3873 lucem
1040 3805 1180 3891 opperie-

152 3901 245 3966 batur
254 3913 413 3987 tamquam
423 3902 551 3969 exitium
566 3903 743 3978 allaturam;
757 3910 850 3984 atque
861 3921 933 3964 eum
943 3909 1068 3963 auctore
1077 3898 1179 3962 Burro

151 3995 253 4080 prima
266 3997 482 4062 centurionum
495 3997 752 4078 tribunorumque
767 3993 903 4058 adulatio
916 3992 956 4056 ad
971 4013 1058 4076 spem
1076 3990 1180 4055 firma-

151 4089 210 4166 vit,
237 4091 453 4175 prensantium
475 4113 602 4156 manum
624 4088 876 4174 gratantiumque
902 4086 988 4169 quod
1013 4085 1180 4150 discrimen

150 4183 346 4269 inprovisum
364 4194 396 4248 et
413 4185 520 4250 matris
538 4183 660 4248 facinus
674 4181 841 4258 evasisset3
859 4179 951 4245 amici
964 4177 1076 4244 dehinc
1094 4180 1179 4246 adire

947 4282 1008 4347 17·
