3020 4958
325 429 389 496 298
675 437 860 496 CORNELII
871 437 1005 494 TACITI

1243 539 1265 570 a
1275 541 1296 571 a
1306 533 1357 573 sar.

326 599 483 666 Graecam
500 597 611 664 urbem
628 596 758 684 delegit:
785 598 858 662 inde
874 598 998 662 initium
1014 596 1096 674 fore,
1124 609 1161 662 ιιι
1178 607 1359 686 nansgres-

325 719 379 762 sus
398 695 432 758 in
449 693 606 759 Achaiam
628 692 831 780 insignesque
848 703 880 756 et
897 691 1068 776 antiquitus
1091 714 1198 757 sacras
1221 715 1357 760 coronas

325 791 457 874 adeptus
484 788 601 852 maiore
627 786 713 852 fama
738 787 845 852 studia
867 787 984 851 civium
1010 785 1144 851 eliceret
1176 809 1253 873 ergo
1279 809 1357 852 con-

325 893 458 948 tractum
476 881 703 968 oppidanorum
719 880 850 967 volgus,
872 893 904 946 et
921 902 1000 964 qnos
1018 901 1037 945 e
1053 880 1205 965 proximis
1222 880 1356 946 coloniis

325 988 356 1044 et
377 977 555 1062 municipiis
578 975 645 1041 eius
668 975 714 1040 rei
739 976 826 1040 fama
847 975 1014 1052 acciverat,
1041 975 1158 1060 quique
1181 974 1356 1041 Caesarem

324 1093 380 1158 per
393 1071 543 1137 honorem
557 1080 611 1135 aut
624 1069 727 1136 varios
741 1091 819 1134 usus
838 1079 1005 1146 sectantur,
1024 1069 1118 1134 etiam
1135 1071 1270 1135 militnm
1285 1093 1356 1135 ma-

325 1165 434 1251 nipuli,
453 1165 609 1230 theatrum
626 1163 902 1250 Neapolitanorum
919 1163 1086 1249 complent

274 1283 308 1332 ss
389 1259 472 1338 Illic,
495 1258 635 1346 plerique
657 1267 692 1322 ut
709 1257 951 1336 arbitrabantur,
973 1258 1076 1335 triste,
1094 1267 1130 1322 ut
1145 1259 1229 1344 ipse,
1247 1258 1356 1344 provi·

325 1354 401 1420 dnm
423 1353 528 1438 potius
550 1364 582 1418 et
604 1352 749 1417 secundis
770 1351 951 1417 numinibus
974 1353 1094 1416 evenit·
1119 1374 1194 1416 nam
1221 1373 1355 1438 egresso

326 1471 381 1532 qur
369 1447 532 1513 affuerat
547 1446 665 1533 populo
682 1469 817 1511 vacnum
840 1455 871 1511 et
889 1445 956 1512 sine
977 1445 1072 1510 ullius
1094 1468 1178 1510 noxa
1194 1445 1355 1510 theatrum

324 1541 498 1627 collapsum
516 1550 667 1626 astorgo
684 1561 742 1625 per
759 1540 938 1625 conpositos
953 1548 1063 1605 cantus
1076 1549 1182 1626 grates
1195 1539 1244 1603 dis
1258 1548 1356 1622 atque

322 1635 426 1720 ipsam
434 1633 567 1699 racemis
578 1655 670 1698 casus
681 1634 839 1699 fortunam
853 1633 1015 1700 celebrans
1027 1635 1243 1719 petiturusque
1256 1633 1355 1698 maris

324 1727 464 1793 Hadriae
482 1726 628 1792 traiectus
647 1727 731 1812 apud
745 1727 990 1793 Beneventum
980 1728 1104 1794 interim
1122 1727 1274 1805 consedit,
1297 1726 1355 1792 nbi

325 1821 545 1911 gladiatorium
562 1843 676 1886 munus
694 1844 714 1886 a
730 1820 858 1887 Vatinio
876 1821 998 1888 celebre
1016 1821 1180 1887 edebatur:
1202 1821 1355 1888 Vatinius

325 1917 407 1984 inter
424 1915 607 1984 foedissima
624 1916 691 1982 eius
710 1917 799 1982 aulae
818 1917 1031 1994 ostentabit,
1051 1917 1187 1982 sutrinae
1205 1916 1356 1983 tabernae

327 2011 484 2090 alumnus,
501 2032 629 2098 corpore
639 2011 768 2088 detorto,
787 2011 908 2077 facetiis
919 2011 1108 2088 scurrilibus,
1126 2011 1357 2096 primoineon·

327 2105 472 2174 tumelias
490 2115 687 2192 assumptus3
709 2106 822 2170 dehinc
840 2106 948 2192 optimi
966 2106 1119 2189 cuiusque
1136 2105 1355 2170 criminatione

326 2223 364 2268 co
381 2223 483 2288 usqne
501 2199 599 2266 valuit
616 2209 651 2266 ιιι
667 2199 781 2288 gratia,
803 2200 951 2286 pecunia,
974 2199 1006 2264 vi
1022 2200 1156 2265 nocendi
1174 2200 1268 2264 etiam
1285 2221 1357 2264 ma·

276 2313 308 2364 :u
327 2295 374 2363 los
392 2297 612 2384 praemineret:
632 2296 699 2362 eius
717 2318 831 2360 munus
853 2295 1063 2378 frequentanti
1079 2289 1197 2359 Neroni
1212 2315 1254 2358 ne
1271 2294 1357 2358 inter

326 2391 503 2478 uoluptates
521 2389 648 2475 quidem
665 2412 686 2455 a
707 2388 877 2455 sceleribus
890 2388 1090 2466 cessabatur3
1111 2388 1212 2453 isdem
1234 2389 1356 2473 quippe

326 2483 388 2551 illis
410 2483 522 2550 dicbus
541 2483 720 2568 Torquatus
740 2482 867 2549 Silanus
889 2484 968 2549 mori
989 2483 1139 2570 alligitur,
1165 2482 1240 2566 quia
1257 2503 1356 2567 super

327 2577 435 2644 lunico
452 2576 589 2642 familiae
607 2575 822 2642 claritudinem
841 2578 949 2642 divum
957 2577 1140 2664 Augustum
1153 2579 1288 2642 abavum
1305 2575 1357 2642 fe-

326 2669 422 2738 rebat.
458 2669 537 2737 iussi
564 2679 760 2737 accusatores
784 2667 908 2736 obicere
929 2672 1096 2758 prodigum
1122 2670 1354 2755 largitionibus,

325 2784 427 2851 noque
448 2763 543 2831 aliern
566 2784 655 2851 spem
677 2785 772 2849 qnam
793 2765 826 2830 in
847 2765 943 2832 rebus
965 2766 1360 2845 novisesse‚cuiinnociae

326 2857 416 2939 oilcsr
435 2855 550 2926 bubone
568 2879 648 2944 quos
667 2857 707 2926 ab
720 2858 862 2945 epistulis
881 2869 912 2926 et
928 2860 1041 2926 libellis
1059 2869 1091 2926 et
1106 2859 1278 2924 redonibus
1296 2880 1356 2944 ap-

325 2953 430 3044 pellat„
449 2952 578 3022 nuntius
591 2975 732 3021 summae
742 2977 835 3021 curae
849 2963 881 3020 et
893 2955 1124 3020 meditamenta.
1143 2963 1209 3018 tum
1222 2951 1354 3020 intimus

325 3047 460 3138 sputisque
477 3047 659 3118 libertorum
676 3049 772 3116 vincti
789 3049 981 3136 abreptique,
1000 3059 1031 3114 et
1048 3071 1121 3114 cum
1133 3049 1292 3114 damnatio
1304 3047 1356 3114 in-

326 3160 433 3226 statut,
452 3141 653 3212 baeticam
670 3165 767 3210 renas
785 3143 965 3230 Torquatus
982 3143 1164 3210 interscidit.
1183 3151 1355 3228 secutaque

326 3237 460 3306 Nssnuis
478 3240 577 3306 oratio
595 3261 635 3305 cx
648 3261 743 3318 more,
761 3240 905 3324 quamvis
920 3249 1042 3304 sontem
1056 3249 1088 3304 et
1099 3237 1274 3304 defensioni
1287 3259 1356 3302 me-

326 3331 386 3400 rito
402 3331 542 3400 ditllsuur
561 3331 714 3398 uicturum
732 3341 838 3399 umen
854 3333 963 3410 fuisse,
981 3333 1009 3398 si
1026 3332 1222 3398 clementiam
1239 3329 1355 3396 iudicis

326 3433 532 3512 crpuctaauct.

275 3537 307 3588 nu
388 3513 455 3583 Noc
473 3515 573 3584 rurdto
589 3527 672 3604 post,
691 3519 809 3585 omissa
825 3520 858 3586 in
874 3542 1026 3607 praesens
1038 3519 1163 3586 Achaia
1179 3557 1219 3567 -
1238 3540 1356 3584 causae

325 3611 358 3680 iu
366 3607 483 3680 incocto
492 3607 742 3678 tuero-artem
751 3611 867 3692 revisit,
873 3615 1050 3700 provincias
1057 3612 1207 3691 Orientis,
1217 3613 1356 3679 maxime

326 3703 520 3796 ‚taurona
540 3705 667 3773 secretis
681 3705 958 3794 imaginationibus
972 3709 1105 3797 agitans.
1124 3708 1238 3773 dehinc
1251 3707 1356 3774 edicto

327 3801 510 3870 trutitlcatus
527 3823 592 3868 uon
608 3800 735 3891 longam
753 3801 802 3868 sui
820 3801 996 3870 absentiam
1014 3813 1047 3868 et
1063 3813 1178 3868 cuncta
1194 3801 1228 3866 in
1244 3824 1278 3866 re
1295 3823 1357 3888 pu-

327 3895 409 3968 blicu
429 3895 558 3988 perinde
580 3896 710 3966 immota
730 3919 768 3964 ac
789 3920 940 3986 prospera
960 3898 1043 3976 fore,
1071 3919 1166 3984 snper
1191 3919 1230 3962 ea
1249 3896 1357 3982 profe-

327 3991 429 4060 ctione
447 3991 524 4060 sdiit
542 3989 748 4082 Capitolium
770 3991 835 4060 illic
851 4001 1017 4060 veneratus
1034 3992 1121 4070 deos,
1144 4014 1217 4057 cnm
1234 3989 1356 4056 Vestae

326 4105 452 4172 quoquo
479 4085 630 4176 tcupluru
652 4086 776 4167 inisset,
802 4099 930 4177 repente
952 4095 1082 4153 cunctos
1105 4108 1163 4172 per
1183 4095 1269 4150 auus
1292 4093 1356 4149 tre-

326 4197 430 4252 ucas,
450 4180 652 4250 acunumiae
670 4191 855 4264 catenate,
874 4206 932 4251 sen
948 4181 1121 4250 facinorum
1138 4177 1354 4246 recordatione
