3042 4956
345 413 407 482 208
695 423 876 482 conuamr
889 422 1022 480 murm

1207 527 1228 555 a.
1238 527 1260 557 n.
1270 518 1316 557 802.
1325 518 1378 558 803.

344 585 424 651 tauri
437 583 637 650 sirnnlacrum
652 581 829 668 aspicimus,
849 582 923 666 quia
939 583 972 646 id
989 605 1089 669 genus
1105 583 1289 650 animalium
1306 609 1382 650 ara-

343 691 391 745 tro
406 679 558 756 subditur,
572 675 682 742 ‘ardeus
697 675 882 762 designandi
894 677 1003 762 oppidi
1016 687 1155 763 coeptus,
1174 690 1210 743 ut
1224 703 1379 765 magnam

343 773 491 840 Herculis
509 795 596 839 aram
613 770 863 856 amplecteretur3
885 771 959 836 inde
976 773 1068 837 certis
1087 773 1197 858 spatiis
1219 774 1379 841 interiecti

333 868 462 955 'lapidea
480 889 537 954 per
553 868 616 932 ima
633 865 746 930 montis
764 864 913 944 Palatini,
933 867 1077 933 adaram
1096 867 1205 948 Consi,
1226 892 1303 934 mox
1321 891 1379 934 cu-

342 963 404 1028 rias
422 971 552 1040 veteres,
572 971 638 1025 tum
655 961 696 1025 ad
714 959 863 1024 sacellum
875 961 1059 1040 Larundae;
1078 962 1242 1046 fomemque
1255 964 1379 1029 Roma-

341 1079 418 1122 num
436 1065 466 1121 et
486 1055 676 1142 Capitolium
694 1076 756 1118 non
774 1077 793 1118 a
809 1053 946 1118 Romulo
970 1057 1025 1122 sed
1043 1080 1062 1120 a
1080 1053 1152 1121 Tito
1172 1056 1266 1122 Tatio
1285 1059 1378 1122 addi-

342 1159 408 1216 tum
424 1149 496 1215 urbi
513 1149 684 1226 credidere;
707 1169 782 1212 mox
798 1169 854 1233 pro
872 1146 998 1213 fortuna
1014 1150 1209 1234 pomoerium
1228 1161 1374 1216 auctum:

342 1254 374 1309 et
389 1265 468 1328 quos
486 1252 553 1307 tum
571 1241 724 1322 Claudius
742 1241 889 1307 terminos
906 1244 1059 1327 posuerit,
1083 1242 1175 1310 facile
1193 1245 1325 1330 cognitu
1343 1255 1374 1310 et

340 1338 473 1423 publicis
492 1337 569 1402 actis
587 1336 804 1422 perscriptum.

290 1453 322 1502 aa
405 1431 443 1496 C.
462 1429 621 1507 Amano,
645 1429 692 1494 M.
714 1428 836 1496 Summo
855 1430 1036 1496 consulibus
1060 1431 1187 1517 adoptio
1205 1433 1240 1496 in
1257 1431 1373 1498 Domi-

340 1527 418 1589 tium
435 1525 618 1589 auctoritate
631 1523 784 1588 Pallantis
802 1524 976 1603 festinatur,
995 1526 1050 1609 qui
1068 1525 1237 1592 obstrietus
1251 1527 1373 1614 Agrip-

338 1620 430 1706 pinae
443 1627 479 1682 ut
491 1617 670 1682 conciliator
682 1619 861 1703 nuptiarum
875 1628 905 1684 et
918 1642 992 1683 mox
1006 1627 1113 1705 stupro
1127 1620 1194 1685 eins
1208 1621 1371 1707 inligatus,

339 1711 518 1779 stimulabat
528 1710 696 1776 Claudium
706 1711 882 1777 consuleret
889 1712 935 1778 rei
943 1712 1096 1798 publicae,
1110 1713 1285 1780 Britannici
1293 1737 1373 1800 pue-

338 1809 441 1873 ritiam
466 1805 578 1872 robore
604 1805 824 1870 circumdaret:
857 1807 903 1871 sie
928 1807 1012 1892 apud
1039 1807 1146 1872 divum
1171 1807 1370 1894 Augustum,

338 1924 530 1988 quamquam
547 1900 712 1987 nepotibus
732 1901 910 1978 subnixum,
929 1901 1068 1988 viguisse
1086 1903 1262 1989 privignos3
1280 1926 1301 1967 a
1314 1902 1373 1968 Ti-

339 2000 426 2064 berio
440 2020 534 2083 super
546 1996 703 2083 propriam
717 1996 845 2082 stirpem
859 1993 1082 2062 Germanicum
1100 2005 1313 2082 assumptum:
1333 2019 1371 2062 se

338 2115 463 2178 quoque
477 2092 653 2178 accingeret
664 2091 776 2156 iuvene
789 2099 908 2175 partem
928 2112 1073 2154 curarum
1090 2091 1293 2175 capessituro.
1316 2090 1371 2156 his

339 2188 457 2251 evictus
480 2185 605 2251 biennio
626 2185 775 2249 maiorem
801 2193 877 2247 natu
898 2184 1076 2249 Domitium
1105 2184 1168 2249 lilio
1196 2184 1370 2269 anteponit,

337 2279 444 2345 habita
466 2279 550 2363 apud
573 2287 715 2342 senatum
738 2277 874 2342 oratione
896 2278 1081 2342 ineundam
1108 2299 1201 2362 quem
1219 2301 1239 2342 a
1254 2276 1371 2342 liberto

337 2382 500 2457 acceperat
517 2372 655 2436 modum.
684 2371 874 2436 adnotabant
891 2372 983 2457 periti
999 2372 1118 2437 nullam
1139 2371 1272 2437 antehae
1289 2371 1371 2436 ado-

336 2466 475 2550 ptionem
492 2464 573 2529 inter
594 2465 740 2549 patricios
761 2464 912 2530 Claudios
929 2465 1071 2551 reperiri,
1094 2488 1211 2550 eosque
1228 2464 1269 2530 ab
1286 2461 1370 2529 Atto

338 2557 455 2624 Clauso
474 2558 637 2622 continuos
656 2557 829 2622 duravisse.

286 2671 318 2721 26
401 2650 550 2716 Ceterum
563 2660 651 2715 actae
664 2651 796 2738 principi
810 2663 924 2739 grates,
943 2654 1130 2737 quaesitiore
1142 2655 1175 2718 in
1188 2651 1370 2718 Domitium

336 2745 528 2823 adulatione3
555 2753 727 2832 rogataque
752 2746 806 2810 lex
828 2768 891 2830 qua
911 2747 944 2810 in
970 2747 1122 2813 familiam
1145 2744 1312 2811 Claudiam
1334 2756 1369 2810 et

335 2862 450 2904 nomen
458 2838 591 2905 Neronis
605 2839 763 2917 transiret3
778 2849 911 2926 augetur
923 2850 954 2904 et
967 2839 1144 2925 Agrippina
1157 2848 1368 2925 cognomento

335 2933 517 3022 Augustae:
535 2934 649 3020 quibus
663 2935 792 3020 patratis
807 2957 898 2999 nemo
912 2934 991 3000 adeo
1005 2956 1116 3020 expers
1134 2933 1368 2999 misericordiae

336 3029 411 3110 fuit,
435 3052 529 3114 quem
551 3052 615 3094 non
631 3028 805 3094 Britannici
827 3028 969 3094 fortunae
991 3051 1113 3094 maeror
1134 3028 1287 3092 alliceret:
1310 3028 1369 3091 de-

337 3126 455 3191 solatus
477 3124 627 3210 paulatim
648 3125 743 3190 etiam
766 3124 929 3189 servilibus
953 3123 1147 3200 ministeriis,
1173 3144 1231 3207 per
1253 3121 1368 3186 intem-

335 3220 458 3304 pestiva
479 3240 631 3282 novercae
653 3218 759 3283 officia
779 3220 813 3283 in
837 3217 972 3283 ludibria
998 3216 1150 3294 vertebat,
1177 3215 1366 3302 intellegens

336 3311 422 3386 falsi3
446 3332 547 3392 neque
570 3311 654 3374 enim
676 3334 806 3397 segnem
827 3313 857 3376 ei
874 3311 974 3376 fuisse
996 3311 1132 3376 indolem
1154 3310 1273 3388 ferunt,
1297 3310 1366 3374 sive

335 3423 455 3477 verum,
475 3423 532 3465 seu
544 3401 690 3486 periculis
705 3405 940 3470 commendatus
953 3405 1080 3470 retinuit
1097 3404 1215 3470 samam
1229 3404 1297 3470 siue
1311 3425 1367 3468 ex·

335 3495 516 3582 perimento.

285 3611 316 3659 ar
401 3585 466 3655 Sed
483 3585 662 3675 Agrippina
683 3611 745 3674 quo
767 3590 832 3655 vim
855 3613 945 3660 suam
968 3593 1061 3658 sociis
1084 3614 1210 3677 quoque
1231 3591 1367 3658 nationi-

334 3684 395 3750 bus
413 3692 596 3761 ostentaret,
618 3683 651 3747 in
668 3684 817 3769 oppidum
835 3684 1006 3765 Ubiorum,
1028 3687 1061 3752 in
1078 3709 1141 3770 quo
1163 3687 1270 3772 genita
1287 3695 1364 3762 erat,

336 3789 499 3846 veteranos
522 3777 738 3861 coloniamque
760 3779 873 3845 deduci
892 3781 1052 3866 impetrat,
1075 3781 1127 3845 cui
1148 3802 1264 3845 nomen
1284 3779 1367 3844 indi-

337 3883 403 3939 tum
421 3897 438 3940 e
456 3872 609 3940 vocabulo
626 3872 726 3958 ipsius
732 3898 741 3951 ;
764 3894 800 3938 ac
818 3873 898 3940 sorte
920 3875 1076 3940 acciderat
1093 3884 1129 3939 ut
1142 3891 1217 3940 ¹erran
1238 3881 1366 3960 gentem

335 3967 447 4032 Rheno
465 3978 695 4054 transgressam
713 3991 791 4032 avus
809 3966 954 4055 Agrippa
970 3969 1004 4032 in
1020 3968 1116 4034 fidem
1134 3967 1298 4053 acciperet.

398 4061 505 4126 Isdem
515 4061 706 4147 temporibus
720 4061 753 4126 in
767 4063 923 4148 superiore
934 4059 1104 4128 Germania
1113 4062 1301 4149 trepidatum
1310 4059 1367 4124 ad-

335 4163 431 4218 ventu
444 4152 629 4220 Chattorum
647 4155 807 4222 latrocinia
825 4158 1018 4244 agitantium,
1038 4157 1111 4224 dein
1127 4155 1208 4221 lm
1225 4154 1366 4238 Pompo-
