3042 4956
337 445 402 516 214
690 449 873 508 CORNELII
887 446 1016 504 Tuom

1197 549 1218 580 ι.
1228 551 1251 581 ιι.
1261 541 1309 583 eoa.
1318 543 1366 584 coc.

335 615 393 684 sed
408 614 510 702 primo
527 619 648 678 tantum
665 607 746 674 inter
761 608 848 693 ipsos
871 605 1060 682 certabatur,
1083 605 1267 692 callidisque
1287 609 1368 675 Car-

335 707 496 776 timandua
510 705 628 771 artibus
641 702 770 768 fratrem
787 722 824 765 ac
837 701 1028 785 propinquos
1042 699 1172 766 Venutii
1183 701 1367 788 intercepitt

334 804 407 869 inde
425 799 550 866 accensi
566 798 684 875 hostes,
704 793 882 862 stimulante
896 793 1076 880 ignominia,
1095 816 1135 859 ne
1152 794 1289 861 feminae
1307 797 1370 860 im-

335 894 421 983 perio
440 893 659 968 subderentur,
681 889 786 954 valida
803 897 834 952 ct
851 888 932 952 lecta
950 889 1044 952 armis
1066 888 1213 954 iuventus
1230 912 1369 976 regnum

335 991 402 1056 eius
424 988 591 1064 invadunt;
617 985 702 1069 quod
724 982 815 1048 nobis
837 982 1030 1067 praevisum,
1057 991 1087 1046 et
1108 983 1225 1048 missae
1248 983 1368 1050 auxilio

335 1083 478 1149 cohortes
502 1103 572 1146 acre
594 1076 747 1165 proelium
768 1077 885 1153 fecere,
909 1076 996 1140 cuius
1015 1075 1102 1140 initio
1124 1074 1274 1164 ambiguo
1293 1077 1367 1142 finis

335 1177 445 1242 laetior
461 1175 531 1240 fuit.
555 1194 656 1257 neque
675 1170 792 1256 dispari
814 1178 928 1234 eventu
944 1179 1118 1255 pugnatum
1136 1193 1156 1234 a
1172 1170 1296 1256 legione
1314 1170 1369 1235 cui

336 1269 470 1335 Caesius
488 1267 604 1332 Nasica
621 1274 777 1351 praeerat3
794 1286 867 1355 nam
884 1261 1002 1326 Didius
1021 1271 1181 1328 senectute
1198 1263 1315 1349 gravis,
1335 1274 1368 1328 et

335 1363 435 1428 multa
446 1362 537 1447 copia
549 1361 712 1436 honorum,
731 1379 787 1443 per
800 1356 958 1422 ministros
971 1378 1065 1442 agere
1078 1367 1110 1422 et
1123 1378 1227 1422 arcere
1241 1356 1367 1422 hostem

336 1456 411 1522 satis
430 1454 574 1520 habebat.
597 1453 685 1530 haec,
704 1473 895 1535 quamquam
913 1474 932 1514 a
949 1449 1071 1515 dnobus
1092 1448 1238 1536 [Ostorio
1251 1451 1368 1516 Didio-

335 1548 411 1636 que]
430 1546 682 1635 propraetoribus
700 1546 806 1631 plures
823 1567 880 1629 per
897 1566 996 1609 annos
1014 1554 1118 1630 gesta,
1141 1545 1306 1622 coniunxi,
1324 1568 1377 1626 ne⁴

335 1643 437 1707 divisa
457 1641 543 1705 haud
563 1640 691 1726 perinde
710 1639 751 1702 ad
772 1638 955 1702 memoriam
978 1638 1027 1703 sui
1048 1639 1200 1704 valerent:
1223 1639 1265 1702 ad
1287 1648 1367 1703 tem-

334 1760 447 1824 porum
465 1736 605 1801 ordinem
622 1735 727 1798 redeo.

284 1856 315 1904 41
399 1831 448 1896 Tr.
468 1829 607 1896 Cnaunro
632 1846 772 1905 Qumruu,
797 1824 911 1893 Suamo
936 1825 1091 1893 Couusnm
1111 1825 1229 1894 Ounno
1252 1850 1368 1894 consu-

335 1927 419 1996 libus
444 1923 542 1991 virilis
564 1935 639 2011 toga
659 1923 777 1988 Neroni
803 1930 972 1998 maturata,
997 1943 1060 2005 quo
1083 1923 1294 2007 capessendae
1320 1923 1369 1988 rei

336 2022 480 2110 publicae
501 2019 614 2086 habilia
637 2019 808 2095 videretur3
831 2025 862 2080 et
880 2014 1001 2081 Caesar
1022 2015 1252 2082 adulationibus
1276 2039 1368 2082 sena-

336 2130 387 2184 tus
405 2117 506 2183 libens
521 2116 624 2193 cessit,
643 2125 679 2179 ut
690 2113 839 2178 vicesimo
853 2111 963 2176 aetatis
977 2133 1059 2176 anno
1073 2111 1268 2176 consulatum
1281 2111 1368 2176 Nero

336 2213 428 2277 iniret
446 2221 538 2294 atque
556 2209 680 2274 interim
697 2207 879 2292 designatus
893 2205 1114 2290 proconsulare
1127 2206 1292 2291 imperium
1311 2227 1368 2269 ex-

337 2316 385 2370 tra
402 2305 511 2370 urbem
525 2303 653 2368 haberet
670 2324 707 2366 ac
724 2302 867 2388 princeps
881 2299 1051 2364 iuventutis
1069 2300 1292 2385 appellaretur3
1312 2299 1369 2364 ad·

337 2400 437 2464 ditum
459 2397 585 2462 nomine
608 2396 675 2460 eius
699 2394 880 2460 donativum
901 2393 1005 2471 militi,
1034 2394 1226 2480 congiarium
1247 2392 1351 2479 plebei
1357 2419 1368 2471 3

337 2502 368 2556 et
385 2492 505 2556 ludicro
523 2489 721 2566 circensium,
740 2489 826 2573 quod
843 2489 1040 2572 acquirendis
1058 2489 1144 2574 vulgi
1163 2489 1275 2554 studiis
1293 2489 1369 2552 cde-

336 2585 437 2662 batur,
456 2583 655 2648 Britannicus
669 2583 702 2646 in
714 2592 886 2668 praetexta,
904 2582 988 2648 Nero
1002 2581 1181 2668 triumphali
1197 2591 1286 2647 veste
1304 2593 1370 2646 tra

336 2678 418 2743 vecti
436 2686 523 2742 sunt:
542 2685 697 2760 spectaret
713 2677 849 2761 populus
868 2676 952 2741 hunc
969 2677 1080 2742 decore
1097 2677 1310 2762 imperatorio,
1329 2674 1369 2740 il-

336 2772 401 2836 lum
423 2769 535 2857 puerili
555 2769 678 2847 habitu,
702 2793 739 2835 ac
759 2770 890 2855 perinde
912 2771 1069 2836 fortunam
1091 2771 1253 2855 utriusque
1274 2792 1368 2855 prac-

338 2875 489 2943 sumeret3
516 2864 624 2943 simul,
651 2865 705 2948 qui
732 2866 946 2931 centurionum
969 2864 1223 2950 tribunorumque
1250 2875 1369 2930 sortem

336 2959 510 3025 Britannici
523 2958 760 3037 miserabantur,
778 2959 889 3024 remoti
903 2959 984 3024 fictis
999 2960 1102 3025 causis
1117 2969 1148 3024 ct
1160 2959 1212 3024 alii
1225 2981 1282 3045 per
1295 2981 1369 3044 spe-

338 3055 417 3120 ciem
434 3054 558 3119 honoris
564 3079 574 3132 3
592 3055 686 3119 etiam
699 3053 879 3119 libertorum
898 3053 1013 3138 siquis
1031 3054 1209 3138 incorrupta
1220 3053 1293 3130 fide,
1312 3054 1370 3118 dc-

337 3149 464 3234 pellitur
490 3149 545 3212 tali
571 3149 749 3214 occasione:
777 3146 862 3213 obvii
887 3147 967 3212 inter
989 3169 1023 3212 se
1043 3147 1128 3212 Nero
1149 3147 1368 3212 Britannicum

337 3244 472 3319 nomine,
491 3243 543 3307 ille
560 3241 736 3306 Domitium
755 3241 943 3318 salutavere,
961 3242 1047 3325 quod
1063 3250 1099 3306 ut
1116 3241 1289 3306 discordiae
1307 3240 1369 3304 ini-

338 3335 415 3399 tium
437 3334 615 3419 Agrippina
636 3335 734 3400 multo
756 3346 870 3418 questu
891 3336 932 3400 ad
953 3336 1099 3400 maritum
1120 3335 1233 3400 defert:
1261 3335 1368 3420 sperni

337 3426 453 3510 quippe
466 3428 676 3512 adoptionem,
695 3450 837 3511 quaeque
851 3429 1028 3494 censuerint
1038 3439 1154 3514 patres,
1172 3429 1297 3494 iusserit
1309 3450 1368 3513 po-

329 3517 439 3602 pulus,
458 3518 539 3584 intra
550 3529 680 3603 penates
694 3521 853 3607 abrogari3
872 3545 908 3587 ac
925 3524 987 3587 nisi
1004 3524 1142 3608 pravitas
1160 3533 1226 3588 tam
1242 3522 1367 3588 infensa

338 3611 516 3678 docentium
530 3622 679 3691 arceatur,
699 3625 846 3700 eruptura
862 3617 896 3680 in
908 3615 1067 3701 publicam
1079 3617 1258 3703 perniciem.
1281 3639 1367 3682 com-

337 3715 441 3772 motus
455 3706 504 3772 his
519 3709 609 3792 quasi
627 3709 807 3776 criminibus
822 3712 974 3797 optimum
992 3719 1148 3797 que'mque
1167 3713 1367 3800 educatorem

337 3802 394 3868 filii
416 3801 509 3868 exilio
540 3823 577 3867 ao
602 3813 702 3870 morte
723 3804 821 3870 afficit
841 3807 995 3891 datosque
1013 3831 1033 3872 a
1049 3830 1184 3873 noverca
1205 3806 1367 3872 custodiae

338 3897 406 3963 eiua
424 3897 553 3984 inponit.

287 4007 320 4055 42
402 3991 550 4058 Nondum
572 4003 676 4059 tamen
700 4007 823 4061 summa
843 3996 943 4061 moliri
961 3967 1140 4084 Agrippina
1161 3995 1309 4073 audebat,
1332 3996 1367 4059 ni

338 4086 563 4168 praetoriarum
581 4088 755 4155 cohortimn
768 4113 843 4156 cura
856 4091 1090 4157 exsolverentur
1101 4091 1223 4156 Lusius
1237 4087 1322 4156 Geta
1334 4099 1367 4154 ct

339 4177 451 4245 Rufius
466 4179 641 4265 Crispinus,
660 4206 739 4269 qnos
751 4184 943 4252 Messalinae
956 4209 1110 4254 memores
1129 4195 1160 4252 et
1177 4185 1283 4251 liberis
1296 4185 1366 4251 eius
