3042 4956
405 468 610 527 rruNALmu
628 469 701 524 Lm.
716 469 797 524 xm.
816 471 934 525 ar-as.
1119 463 1181 528 237

154 577 174 614 p.
184 563 224 605 Ch.
235 564 270 602 bt.
280 562 314 601 56.

152 633 221 696 nico
239 629 380 715 potiente
398 650 503 694 rerum
520 627 679 712 poteram?
696 649 733 692 ac
751 628 778 691 si
791 626 924 694 Plautus
942 638 997 694 aut
1013 631 1084 713 quis
1102 630 1182 697 alius

152 747 218 790 rem
239 722 402 809 publicam
419 722 612 786 iudicaturus
635 720 817 798 obtinuerit,
840 723 954 786 desunt
972 723 1090 788 scilicet
1107 725 1182 790 mihi

153 826 364 896 accusatores,
384 817 438 901 qui
455 840 519 882 non
536 815 632 881 verba
649 817 843 901 impatientia
860 818 997 883 caritatis
1016 818 1183 901 aliquando

153 915 289 990 incauta,
309 913 367 976 sed
384 934 422 975 ca
434 911 565 975 crimina
577 910 722 987 obiciant,
742 911 855 994 quibus
870 912 932 977 nisi
949 936 968 976 a
984 912 1049 976 filio
1062 911 1184 977 absolvi

154 1031 217 1073 non
232 1006 386 1092 possim.“
410 1005 572 1069 commotis
591 1005 645 1088 qui
662 1005 791 1069 aderaut
809 1005 952 1088 ultroque
971 1007 1097 1092 spiritus
1116 1006 1183 1071 eius

153 1099 387 1187 mitigantibus,
407 1098 596 1181 colloquium
612 1098 669 1162 filii
686 1099 836 1183 exposcit,
855 1098 910 1163 ubi
927 1100 1004 1163 nihil
1021 1123 1078 1185 pro
1095 1100 1184 1164 inno-

153 1194 270 1271 centia,
290 1192 382 1276 quasi
399 1191 568 1268 diffideret,
587 1213 645 1256 nec
663 1195 699 1256 de
716 1191 889 1270 beneficiis,
908 1194 1000 1276 quasi
1017 1192 1185 1279 exprobra-

153 1298 210 1364 ret,
230 1286 386 1363 disseruit,
406 1287 463 1351 sed
480 1286 630 1350 ultionem
647 1286 680 1349 in
697 1287 851 1352 delatores
869 1297 901 1352 et
917 1288 1057 1373 praemia
1073 1288 1181 1352 amicis

153 1380 303 1446 obtinuit:
321 1380 518 1466 praefectura
535 1403 677 1445 annonae
689 1381 810 1446 Faenio
823 1381 920 1459 Rufo,
940 1404 1014 1447 cura
1026 1383 1182 1457 ludorum,
1201 1399 1233 1446 22

154 1475 209 1558 qui
228 1499 247 1538 a
266 1473 403 1539 Caesare
420 1474 620 1560 parabantur,
639 1474 790 1540 Arruntio
809 1473 935 1553 Stellae,
954 1475 1124 1563 Aegyptus
1144 1476 1181 1542 Ο.

154 1567 292 1633 Balbillo
310 1569 544 1653 permittuntur3
565 1566 658 1653 Syria
675 1568 713 1633 P.
732 1569 848 1635 Anteio
867 1571 1035 1650 destinata,
1053 1571 1111 1636 sed
1128 1594 1184 1636 va-

153 1663 207 1726 riis
230 1683 306 1726 mox
329 1661 447 1727 artibus
469 1663 590 1738 elusus,
614 1663 656 1726 ad
675 1673 868 1748 postremum
890 1665 923 1728 in
945 1664 1022 1731 urbe
1043 1675 1181 1730 retentus

153 1765 216 1820 est:
235 1766 269 1820 at
282 1753 391 1820 Silana
408 1755 441 1819 in
458 1755 587 1820 exilium
600 1765 682 1834 acta3
701 1756 860 1823 Calvisius
878 1780 1003 1843 quoque
1021 1770 1052 1824 et
1064 1758 1181 1826 Iturius

152 1849 345 1935 relegantur3
360 1850 399 1914 de
408 1847 548 1915 Atimeto
558 1850 746 1936 supplicium
756 1863 925 1937 sumptum,
939 1853 1089 1918 validiore
1098 1855 1183 1938 apud

152 1944 298 2010 libidines
312 1944 461 2030 principis
475 1945 590 2010 Paride
604 1967 699 2029 quam
716 1956 751 2010 ut
764 1968 865 2031 poena
878 1947 1068 2025 afficeretur3
1087 1947 1184 2012 Plau-

152 2049 205 2103 tus
224 2037 429 2123 adpraesens
449 2038 572 2104 silentio
590 2041 793 2104 transmissus
812 2050 869 2104 cst.

218 2130 415 2197 Deferuntur
440 2133 553 2198 dehinc
575 2134 774 2198 consensisse
795 2133 902 2198 Pallas
926 2156 963 2198 ac
984 2133 1120 2210 Burrus,
1148 2146 1182 2199 ut
1201 2155 1233 2202 aa

153 2227 320 2292 Cornelius
345 2225 435 2292 Sulla
456 2226 639 2292 claritudine
662 2228 786 2314 generis
810 2237 841 2292 et
863 2227 1022 2293 adfinitate
1046 2227 1180 2306 Claudii,

152 2320 206 2386 cui
222 2343 278 2406 per
299 2322 423 2407 nuptias
442 2321 601 2386 Antoniae
624 2332 817 2408 generarat,
842 2323 883 2386 ad
904 2322 1070 2408 imperium
1088 2344 1183 2387 voca-

152 2425 252 2479 retur:
271 2415 337 2480 eius
353 2416 559 2482 accusationis
573 2426 682 2481 auctor
695 2417 796 2481 extitit
804 2417 922 2482 Paetus
937 2416 1075 2500 quidam,
1095 2439 1183 2482 exer-

152 2509 261 2574 cendis
279 2511 364 2594 apud
386 2511 539 2576 aerarium
559 2511 748 2576 sectionibus
767 2511 909 2577 famosus
928 2521 959 2576 et
977 2522 1044 2576 tum
1062 2511 1183 2576 vanita-

152 2603 194 2667 tis
217 2603 412 2668 manifestus.
440 2627 498 2668 nec
520 2614 584 2669 tam
606 2616 696 2690 grata
713 2605 865 2671 Pallantis
887 2607 1064 2671 innocentia
1086 2629 1181 2690 quam

151 2696 260 2784 gravis
279 2691 516 2783 superbia'fuit:
540 2699 656 2785 quippe
673 2701 840 2766 nominatis
858 2701 977 2768 libertis
996 2700 1077 2779 eius,
1101 2723 1181 2784 quos

152 2790 297 2856 conscios
323 2790 465 2870 haberet,
492 2793 654 2878 respondit
679 2795 757 2858 nihil
781 2818 931 2878 umquam
958 2817 992 2858 se
1015 2795 1100 2858 domi
1121 2795 1182 2858 nisi

151 2894 233 2948 nutu
250 2896 304 2949 aut
320 2909 416 2950 manu
434 2885 638 2973 significasse,
657 2888 708 2952 vel
726 2888 753 2952 si
770 2889 861 2972 plura
874 2888 1116 2951 demonstranda
1133 2909 1184 2952 es-

153 2987 238 3055 sent,
258 2979 372 3065 scripto
390 3003 496 3058 usum,
515 3001 555 3046 uc
574 3003 683 3046 vocem
701 2980 906 3058 consociaret3
924 2979 1054 3056 Burrus,
1073 3002 1184 3062 quam-

152 3071 202 3138 vis
221 3095 308 3151 reus,
331 3074 413 3138 inter
429 3075 547 3140 iudices
566 3074 754 3141 sententiam
771 3074 863 3149 dixit,
883 3072 1073 3154 exiliumque
1091 3094 1183 3136 accu-

153 3167 251 3230 satori
267 3167 459 3252 iurogatum,
482 3179 513 3233 et
534 3169 659 3233 tabulae
678 3176 807 3232 exustae
830 3175 902 3230 sunt
923 3162 1037 3250 quibus
1060 3164 1184 3230 oblitte-

152 3269 223 3324 rata
239 3260 349 3324 aerarii
366 3263 492 3326 aomina
508 3261 697 3326 retrahebat.

218 3353 298 3418 Fine
315 3355 389 3418 anni
406 3357 499 3421 statio
518 3356 652 3421 cohortis
666 3357 809 3421 adsidere
826 3355 909 3422 ludis
928 3354 1019 3420 solita
1037 3356 1184 3420 demove-
1201 3375 1234 3422 24

153 3457 220 3524 tur,
241 3469 305 3530 quo
323 3449 422 3514 maior
439 3450 561 3535 species
584 3450 734 3515 libertatis
754 3459 851 3528 esset,
874 3459 971 3533 utque
988 3449 1078 3516 miles
1096 3450 1184 3514 thea-

153 3541 225 3606 trali
242 3541 384 3607 licentiae
401 3566 466 3608 non
481 3543 654 3630 permixtus
668 3543 874 3630 incorruptior
891 3553 1006 3631 ageret,
1026 3555 1057 3609 et
1073 3543 1182 3630 plebes

153 3635 243 3700 daret
261 3636 520 3721 experimentum,
540 3660 581 3702 an
598 3638 710 3702 amotis
728 3639 911 3704 custodibus
930 3639 1116 3704 modestiam
1134 3658 1183 3700 re·

154 3723 274 3795 linerat.
298 3731 407 3796 urbem
423 3733 569 3817 princeps
587 3733 731 3798 lustravit
749 3756 788 3798 ex
804 3757 956 3818 responso
969 3732 1181 3816 haruspicum,

153 3823 239 3907 quod
255 3822 342 3890 lovis
360 3847 398 3889 ac
415 3825 579 3890 Minervae
596 3827 691 3892 aedes
709 3827 749 3890 de
767 3827 854 3891 caelo
872 3835 972 3890 tactae
991 3832 1087 3888 erant.

220 3916 260 4000 Q.
279 3917 431 3997 Vonusro,
450 3919 488 3985 P.
509 3918 649 3986 Scrrrorra
669 3920 849 3985 consulibus
868 3918 966 3983 otium
983 3917 1070 3994 foris,
1089 3916 1183 3981 foeda
1201 3933 1233 3983 25

153 4010 240 4076 domi
257 4010 399 4090 lascivia,
423 4035 485 4097 qua
502 4013 585 4078 Nero
607 4014 718 4077 itinera
740 4011 827 4076 urhis
847 4021 878 4076 et
898 4010 1062 4095 lupanaria
1079 4018 1111 4073 et
1128 4009 1182 4072 de-

152 4105 305 4170 verticula
325 4116 414 4172 veste
436 4107 541 4172 servili
562 4107 595 4172 in
612 4098 896 4172 dissimulationem
919 4104 969 4168 sui
990 4102 1182 4189 compositus

47 4273 50 4280 Δ
151 4199 346 4286 pererrabat,
369 4201 589 4267 comitantibus
607 4200 662 4285 qui
683 4208 827 4284 raperent
848 4197 1019 4266 venditioni
1040 4197 1182 4286 exposita
