3042 4956
323 439 388 506 2⁸22
671 446 857 504 CORNELII
870 445 1004 503 TACI'I'I

1237 552 1259 582 a.
1268 553 1290 582 n.
1299 545 1341 584 soe

318 609 380 674 diis
396 608 538 684 libertas,
561 606 707 692 adempta
724 626 818 690 saepe
840 614 894 669 ant
915 603 1051 682 firmata,
1074 617 1167 692 prout
1183 607 1275 675 bellis
1293 634 1350 676 ex-

319 705 415 770 ternis
428 709 604 766 meruerant
622 708 677 765 ant
693 699 779 764 domi
791 699 942 763 seditione
955 699 1163 783 deliquerant;
1181 704 1350 768 tributum-

319 820 382 882 que
399 793 634 882 Apamensibus
651 803 751 858 terrae
768 801 857 858 metu
873 792 1030 858 convolsis
1047 793 1081 858 in
1098 796 1349 880 quinquennium

321 892 498 958 remissum.

270 1008 302 1056 se
378 984 600 1050 alcaudius
623 981 806 1048 saevissima
827 1004 970 1066 quaeque
996 1003 1138 1067 p1omcre
1160 985 1350 1071 adigebatur

321 1082 462 1146 eiusdem
478 1078 674 1165 Agrippinae
691 1075 824 1150 artibus,
843 1098 924 1159 quae
943 1075 1103 1142 Statilium
1120 1078 1261 1144 Taurum
1278 1080 1349 1164 opi-

289 1183 295 1196 '
320 1175 380 1240 bus
393 1174 564 1249 inlustrem,
582 1171 681 1236 hortis
698 1170 766 1235 eius
779 1170 902 1235 inhians
920 1171 1069 1256 pervertit
1086 1183 1252 1237 accusante
1266 1173 1349 1238 Tar-
1367 1225 1371 1232 .

320 1270 418 1354 quitio
440 1268 565 1346 Prisco;
586 1267 710 1353 legatus
732 1266 760 1330 is
783 1265 881 1330 Tauri
897 1264 1041 1330 Africam
1061 1265 1192 1350 imperio
1214 1289 1349 1352 procon-

321 1363 417 1428 sulari
429 1362 576 1448 regentis,
595 1370 763 1445 postquam
775 1369 968 1435 revenerunt,
986 1381 1088 1444 pauca
1104 1361 1348 1444 repetundarum

320 1458 463 1532 crimina,
491 1465 629 1520 ceterum
650 1455 790 1541 magicas
814 1453 1047 1539 superstitiones
1069 1453 1259 1534 obiectabat3
1286 1478 1348 1520 nec

321 1551 373 1615 ille
394 1549 510 1614 diutius
532 1548 648 1613 falsum
670 1559 897 1626 accusatorem,
920 1549 1065 1635 indignas
1088 1553 1194 1614 sordes
1216 1571 1348 1635 perpes-

320 1665 388 1719 sus,
412 1643 476 1706 vim
493 1643 575 1706 vitae
593 1665 669 1707 suae
687 1643 790 1707 attulit
807 1652 880 1707 ante
898 1643 1082 1708 sententiam
1101 1653 1242 1722 senatus3
1265 1637 1367 1710 Tar?

318 1737 435 1821 quilius
454 1746 558 1800 tamen
576 1736 662 1800 curia
679 1746 808 1801 exactam
827 1745 889 1814 est,
912 1737 998 1820 quod
1013 1746 1118 1823 patres
1137 1738 1208 1803 odio
1226 1738 1348 1803 delato-

318 1831 361 1896 ris
379 1843 488 1894 contra
504 1829 656 1897 ambitum
672 1829 869 1916 Agrippinae
886 1831 1054 1916 pervinere.

270 1944 303 1996 eu
383 1925 508 1990 Eodem
524 1947 606 1989 anno
624 1925 749 2010 saepius
767 1925 874 1990 andita
890 1948 953 1990 vox
969 1925 1131 2010 principis,
1154 1948 1261 2011 parem
1279 1927 1346 1990 vim

320 2042 425 2084 rerum
442 2018 619 2084 habendam
646 2041 665 2083 a
682 2019 932 2104 procuratoribus
951 2020 1016 2083 suis
1039 2020 1243 2086 iudicatarum
1261 2041 1299 2088 ac
1317 2020 1345 2086 si

320 2118 388 2201 ipse
411 2117 585 2194 statuisset3
608 2139 646 2180 ac
663 2138 703 2181 ne
725 2116 852 2182 fortuito
873 2112 1038 2203 prolapsus
1061 2113 1229 2194 videretur,
1253 2139 1347 2181 sena·

319 2220 370 2276 tus
393 2233 518 2295 quoque
540 2210 682 2276 consulto
705 2222 831 2276 cautum
852 2212 974 2297 plenius
997 2233 1092 2295 quam
1109 2221 1201 2276 antea
1218 2221 1249 2275 et
1266 2210 1346 2275 ube-

319 2305 398 2368 rius:
420 2328 494 2368 nam
515 2305 606 2370 divus
628 2303 795 2390 Augustus
818 2305 902 2390 apud
924 2314 1098 2388 equestres,
1122 2305 1176 2386 qui
1192 2304 1345 2390 Aegypto

318 2397 543 2480 praesiderent,
569 2398 640 2483 lege
662 2399 714 2484 agi
736 2399 921 2481 decretaque
946 2420 1055 2462 eornm
1080 2398 1208 2483 proinde
1233 2397 1345 2462 haberi

319 2490 452 2554 iusserat
464 2513 501 2555 ae
516 2492 543 2555 si
557 2492 757 2576 magistratus
766 2493 903 2558 Romani
915 2492 1162 2569 constituissent3
1175 2513 1250 2555 mox
1264 2491 1344 2556 alias

318 2605 374 2668 per
386 2584 562 2667 provincias
580 2594 611 2648 et
628 2585 660 2649 in
673 2585 750 2651 urbe
764 2587 913 2671 pleraque
926 2608 1076 2652 concessa
1090 2596 1162 2652 sunt
1174 2607 1254 2669 quac
1267 2585 1345 2650 olim

318 2701 338 2741 a
354 2676 547 2761 praetoribus
565 2678 787 2744 noscebantur:
808 2680 960 2746 Claudius
978 2703 1069 2746 omne
1082 2681 1131 2745 ius
1149 2679 1283 2755 tradidit,
1304 2680 1345 2744 de

318 2792 380 2854 quo
399 2771 512 2836 totiens
530 2772 681 2836 seditione
699 2782 753 2837 aut
770 2775 865 2839 armis
883 2783 1044 2852 certatum,
1063 2797 1134 2839 cum
1149 2772 1345 2858 Semproniis

317 2865 531 2950 rogationibus
554 2875 698 2950 equester
719 2868 795 2933 ordo
817 2869 850 2934 in
870 2869 1070 2954 possessione
1091 2867 1275 2931 iudiciorum
1298 2867 1346 2930 lo·

318 2969 453 3037 caretur,
477 2971 531 3026 aut
547 2984 672 3028 rursum
691 2960 842 3027 Serviliae
859 2962 946 3048 leges
965 2962 1085 3027 senatui
1102 2959 1217 3025 iudicia
1233 2960 1346 3024 redde-

318 3064 400 3133 rent,
423 3053 609 3140 Mariusque
631 3065 662 3121 et
680 3055 771 3122 Sulla
788 3056 861 3120 olim
880 3058 918 3120 de
937 3079 974 3120 eo
992 3056 1043 3121 vel
1061 3055 1228 3140 praecipue
1246 3053 1346 3120 bella-

318 3159 401 3227 rent;
425 3151 481 3215 scd
498 3161 572 3216 tunc
590 3152 733 3216 ordinum
755 3152 880 3216 divorsa
897 3151 1014 3227 studia,
1037 3160 1170 3233 atquae
1193 3149 1344 3223 vicerant,

318 3243 443 3326 publice
464 3245 625 3311 valebant:
654 3244 691 3309 C.
717 3243 841 3330 Oppius
865 3254 896 3308 et
919 3243 1084 3308 Oomelius
1106 3242 1226 3307 Balbus
1248 3241 1342 3326 primi

320 3334 465 3400 Caesaris
484 3339 596 3419 opibus
610 3348 739 3423 potuere
757 3339 955 3403 condiciones
973 3337 1062 3423 pacis
1081 3346 1111 3400 et
1125 3335 1251 3401 arbitria
1267 3333 1344 3400 belli

318 3434 463 3502 tractare3
482 3427 599 3493 Matios
617 3431 749 3513 posthac
767 3441 798 3494 et
814 3430 934 3496 Vedios
953 3441 983 3495 et
1001 3441 1104 3494 cetera
1121 3428 1261 3512 equitum
1278 3427 1345 3492 Ro·

317 3541 480 3583 manorum
502 3523 681 3604 praevalida
696 3525 823 3588 nomina
844 3525 960 3590 referre
978 3524 1055 3588 nihil
1076 3523 1247 3597 attinuerit,
1270 3542 1342 3585 cum

319 3611 472 3678 Claudius
494 3613 636 3693 libertos,
659 3638 738 3700 quos
760 3617 805 3682 rei
823 3617 969 3684 familiari
989 3618 1196 3703 praefecerat,
1222 3614 1343 3696 sibique

321 3715 353 3772 et
368 3706 492 3794 legibus
511 3709 741 3793 adaequaverit.

268 3823 298 3870 ut
381 3803 515 3870 Rettulit
525 3805 638 3870 deinde
651 3806 690 3870 de
703 3806 886 3871 inmunitate
901 3806 977 3872 Cois
991 3805 1164 3881 tribuenda,
1183 3803 1343 3884 multaque

318 3919 412 3982 super
429 3900 611 3983 antiquitate
634 3923 741 3966 corum
763 3901 960 3966 memoravit:
983 3900 1122 3986 Argivos
1141 3897 1191 3962 vel
1210 3895 1341 3970 Coeum,

317 3992 460 4058 Latonae
473 4004 642 4079 parentem,
658 3995 886 4060 vetustissimos
899 3994 1019 4058 insulae
1033 3993 1168 4058 cultores
1173 4015 1182 4068 3
1200 4010 1275 4055 mox
1287 3987 1344 4051 ad-

317 4094 413 4148 ventu
426 4085 610 4173 Aesculapii
627 4098 725 4153 artem
743 4087 889 4155 medendi
906 4088 1034 4152 inlatam
1047 4083 1245 4166 maximeque
1262 4081 1346 4146 inter

317 4186 458 4262 posteros
473 4181 539 4248 eius
553 4181 707 4248 celebrem
720 4183 828 4263 fuisse,
847 4183 973 4248 nomina
986 4178 1180 4267 singulorum
1192 4176 1342 4250 referens,

1072 4437 1088 4484 l
