2958 4960
414 460 622 518 ANNALIUM
639 461 713 516 LIB.
727 462 749 516 l.
767 459 887 514 14-17.
1118 445 1160 512 13

126 567 147 604 p.
158 553 201 595 ch.
213 557 249 594 14.

124 623 255 708 proprio
271 629 401 706 sumptu
415 619 543 684 ederent
555 618 646 684 ludos
660 618 714 702 qui
727 619 767 682 de
779 617 905 684 nomine
913 616 1055 705 Augusti
1066 617 1158 683 fastis

126 717 226 781 additi
239 713 440 802 Augustales
454 722 651 778 vocarentur:
670 714 727 777 sed
740 713 864 778 decreta
876 714 1009 798 pecunia
1021 735 1061 778 ex
1073 735 1161 778 aera-

126 812 182 888 rio,
196 821 299 895 utque
313 831 371 895 per
383 808 501 873 circum
515 807 693 893 triumphali
701 818 789 873 veste
798 817 971 885 uterentur3
988 830 1080 872 curru
1088 807 1161 873 vehi

128 905 213 970 haud
230 905 434 990 permissum.
457 925 532 967 mox
549 902 716 967 celebratio
733 901 829 988 post*
848 924 965 966 aunum
982 903 1023 966 ad
1038 911 1162 987 praeto-

128 1021 195 1064 rem
212 998 368 1062 translata
385 996 436 1060 cui
453 996 533 1060 inter
550 995 635 1061 cives
654 1006 685 1061 et
701 995 882 1082 peregrinos
900 994 1072 1060 iurisdictio
1090 1017 1162 1060 eve·

130 1092 239 1157 nisset.

193 1186 262 1251 Hic
279 1208 385 1252 rerum
398 1184 589 1250 urbanarum
607 1193 706 1250 status
725 1193 800 1262 erat,
820 1205 892 1250 cum
905 1183 1104 1250 Pannonicas
1118 1183 1163 1248 le-
1183 1205 1213 1254 16

133 1281 241 1366 giones
261 1279 376 1344 seditio
392 1279 534 1356 incessit,
557 1279 650 1344 nullis
668 1279 759 1344 novis
777 1278 895 1356 causis,
914 1277 975 1344 nisi
992 1276 1077 1362 quod
1094 1300 1163 1342 mu-

134 1387 214 1440 tatus
231 1375 381 1460 princeps
404 1373 562 1438 licentiam
584 1372 745 1437 turbarmn
766 1382 797 1438 et
814 1394 855 1440 ex
872 1372 956 1438 civili
973 1370 1055 1437 bello
1074 1394 1163 1459 spem

134 1469 345 1554 praemiorum
358 1466 551 1532 ostendebat.
574 1467 683 1532 castris
697 1467 823 1533 aestivis
838 1475 901 1532 tres
915 1465 1009 1531 simul
1021 1466 1162 1554 legiones

134 1562 340 1638 habebantur,
359 1561 554 1645 praesidente
571 1560 662 1624 Iunio
680 1559 805 1638 Blaes0,
824 1561 878 1645 qui
894 1560 957 1626 fine
973 1558 1114 1648 Augusti
1131 1569 1163 1626 et

134 1657 228 1720 initiis
242 1654 364 1720 Tiberii
377 1655 490 1718 auditis
505 1653 548 1720 ob
561 1654 713 1718 iustitium
726 1664 780 1719 aut
792 1655 943 1740 gaudium
955 1654 1164 1722 intermiserat

135 1751 225 1816 solita
241 1749 364 1813 munia:
383 1770 421 1812 eo
437 1747 590 1834 principio
606 1748 749 1813 lascivire
767 1749 866 1827 miles,
884 1749 1072 1826 discordare,
1090 1769 1163 1835 pes-

135 1845 205 1909 simi
222 1845 377 1926 cuiusque
395 1842 592 1908 sermonibus
609 1843 758 1929 praebere
775 1866 882 1922 aures,
901 1844 1036 1927 denique
1052 1844 1163 1908 luxum

136 1949 166 2003 et
182 1939 282 2004 otium
299 1959 424 2022 cupere,
443 1936 637 2022 disciplinam
655 1946 687 2002 et
703 1937 842 2004 laborem
856 1938 1025 2023 aspernari.
1048 1946 1115 2002 erat
1130 1936 1164 2000 in

137 2034 244 2098 cashis
267 2031 461 2096 Percennius
484 2031 625 2114 quidam,
649 2033 715 2096 dux
737 2033 812 2098 olim
834 2032 1032 2096 theatralium
1055 2051 1164 2115 opera

137 2151 218 2204 rum,
236 2126 312 2191 dein
333 2125 497 2212 gregarium
515 2125 619 2203 miles,
637 2149 755 2212 procax
771 2127 880 2213 lingua
897 2136 929 2190 et
945 2116 1076 2190 miscere
1094 2145 1165 2190 coe-

139 2233 186 2286 tus
203 2219 379 2284 histrionali
397 2219 504 2284 studio
518 2220 643 2298 doctus,
661 2221 689 2286 is
708 2221 868 2306 imperitos
882 2220 1003 2285 animos
1022 2227 1052 2283 et
1069 2239 1165 2302 quae-

138 2339 207 2380 nam
220 2325 294 2400 post
307 2313 492 2399 Augustum
504 2313 632 2378 militiae
646 2315 782 2380 conditio
796 2313 990 2402 ambigentes
1005 2313 1164 2399 impellere

138 2409 286 2495 paulatim
308 2408 467 2472 nocturnis
490 2408 677 2492 conloquiis,
701 2419 756 2474 aut
773 2410 855 2476 flexo
872 2411 906 2474 in
928 2431 1091 2496 vesperam
1112 2407 1164 2472 die

139 2513 168 2568 et
187 2501 319 2587 dilapsis
346 2501 525 2567 melioribus
552 2502 753 2568 deterrimum
775 2526 931 2588 quemque
958 2525 1162 2591 congregare3

138 2607 295 2682 postremo
308 2595 459 2680 promptis
468 2596 531 2660 iam
546 2607 577 2661 et
585 2597 654 2662 aliis
664 2597 825 2663 seditionis
834 2598 984 2664 ministris
994 2598 1080 2663 velut
1090 2619 1164 2664 con-

139 2692 347 2758 tionabundus
369 2691 593 2777 interrogabat:
617 2715 673 2758 cur
689 2693 798 2778 paucis
816 2692 1064 2770 centurionibus,
1087 2711 1214 2777 pau-17

139 2786 274 2851 cioribus
293 2784 424 2849 tribunis
442 2785 474 2849 in
492 2787 621 2862 modmn
639 2809 799 2852 servorum
817 2787 1018 2854 oboedirent?
1039 2786 1164 2871 quando

139 2902 270 2944 ausuros
294 2900 462 2964 exposcere
484 2881 635 2958 remedia,
659 2881 719 2947 nisi
741 2906 857 2948 novum
879 2891 1094 2948 et‘nutantem
1110 2880 1166 2946 ad-

139 2975 198 3038 huc
224 2973 397 3059 principem
421 2973 567 3058 precibus
589 2975 641 3040 vel
663 2977 757 3042 armis
780 2976 919 3041 adirent?
945 2975 1021 3039 satis
1043 2995 1100 3057 per
1121 2982 1167 3036 tot

141 3090 238 3132 annos
256 3067 384 3152 ignavia
395 3077 568 3151 peccatum,
587 3070 673 3153 quod
690 3071 809 3134 tricena
821 3079 875 3134 aut
892 3068 1094 3152 quadragena
1112 3065 1167 3130 sti-

141 3162 253 3246 pendia
279 3183 370 3225 senes
393 3171 424 3225 et
445 3161 585 3246 plerique
607 3173 752 3228 truncato
773 3185 814 3228 ex
835 3159 1016 3227 vulneribus
1040 3181 1167 3245 corpore

142 3256 279 3320 tolerent.
301 3277 342 3318 ne
360 3255 497 3320 dimissis
511 3257 639 3340 quidem
656 3258 751 3322 finem
765 3278 835 3322 esse
852 3254 989 3333 militiae,
1010 3254 1067 3320 sed
1083 3254 1168 3339 apud

141 3349 288 3414 vexillum
306 3349 468 3414 tendentes
486 3350 548 3415 alio
567 3351 719 3417 vocabulo
727 3351 861 3418 'eosdem
878 3348 1001 3417 labores
1015 3349 1152 3435 perferre
1158 3374 1167 3428 3

142 3465 176 3508 ac
194 3444 222 3508 si
239 3443 310 3526 quis
329 3453 375 3508 tot
392 3464 484 3510 casus
503 3445 569 3510 vita
586 3446 789 3532 superaverit,
808 3444 888 3510 trahi
906 3445 1008 3511 adhuc
1026 3445 1166 3511 diversas

141 3538 174 3601 in
190 3548 303 3616 terras,
327 3536 382 3602 ubi
403 3560 461 3624 per
482 3561 599 3605 nomen
621 3564 767 3628 agrorum
789 3541 924 3628 uligines
945 3542 1096 3626 paludum
1117 3539 1168 3606 vel

142 3631 258 3696 inculta
279 3627 431 3696 montium
446 3634 612 3720 accipiant.
641 3635 798 3701 enimvero
814 3635 956 3724 militiam
978 3636 1080 3720 ipsam
1097 3657 1170 3720 gra·

142 3748 222 3804 vem,
240 3724 482 3792 infructuosam:
500 3729 590 3794 denis
608 3728 642 3793 in
658 3730 742 3794 diem
755 3730 881 3796 assibus
899 3731 1036 3795 animam
1054 3736 1085 3791 et
1102 3749 1169 3792 cor-

143 3842 200 3906 pus
219 3820 391 3899 aestimari3
409 3821 482 3886 hinc
496 3833 627 3901 vestem,
646 3847 742 3902 arma,
762 3824 902 3900 tentoria,
920 3823 994 3886 hinc
1007 3819 1169 3886 saevitiam

143 3914 358 3978 centurionum
371 3925 403 3980 ct
414 3917 594 3982 vacationes
607 3909 771 3983 munerum'
784 3917 909 3981 redimit
923 3923 955 3980 at
967 3913 1093 3992 hercule
1103 3936 1170 3980 ver-

144 4007 217 4092 bera
234 4018 266 4073 et
279 4007 418 4086 vulnera,
437 4009 548 4075 duram
560 4010 705 4089 hiemem,
724 4010 876 4076 exercitas
890 4017 1035 4086 aestates,
1053 4007 1170 4074 bellum

142 4113 231 4170 atrox
248 4113 305 4169 aut
322 4101 460 4168 sterilem
477 4125 588 4189 pacem
610 4105 808 4190 sempiterna
830 4125 889 4167 nec
906 4101 993 4168 aliud
1013 4102 1170 4168 levamen·
1202 4184 1205 4188 Ι

144 4210 207 4263 tum
226 4220 325 4282 quam
344 4196 372 4262 si
389 4196 481 4264 certis
501 4197 559 4264 sub
577 4197 701 4284 legibus
719 4197 828 4263 militia
845 4197 987 4276 iniretur,
1011 4207 1045 4262 ut
1064 4197 1171 4284 singu-
