3042 4956
473 431 831 512 assandunam.
850 458 874 511 1.
1121 447 1178 510 181

476 780 691 838 CORNELII
713 777 867 836 TACITI

340 919 1000 1020 ANNALIUM

407 1100 456 1149 AB
473 1099 644 1152 Excusso
662 1099 744 1150 D1v1
761 1099 930 1154 AUGUSTI

456 1255 592 1312 LIBER
609 1257 887 1314 UNDECIMUS.

574 1412 758 1455 nummulum.

200 1496 329 1572 [Desunt
339 1501 404 1552 aeta
413 1511 550 1550 annorum
560 1494 672 1549 circiter
681 1495 786 1551 decem.
810 1514 882 1568 quae
896 1503 1047 1553 narrantur
1056 1501 1183 1572 capl-

150 1573 574 1645 22‚gestasunta.u.800.coss.
592 1572 1181 1654 Ti.ClaudioCaesarsIlll,L.VitellioIH.]

200 1652 274 1722 Cap.
293 1651 381 1706 1-3.
394 1650 525 1706 Valerius
538 1647 683 1704 Asiaticus
702 1649 832 1706 aSuillio
851 1659 881 1708 et
898 1651 1012 1712 Sosibio
1030 1661 1181 1712 aecusatus

151 1726 252 1783 fraude
267 1726 443 1783 Messalinae
462 1733 493 1782 et
504 1726 614 1782 Vitellii
628 1727 762 1781 evertitur
781 1734 810 1783 et
823 1727 912 1785 hilare
926 1731 1051 1786 moritur.
1069 1731 1094 1786 l
1109 1749 1181 1788 som·

152 1803 226 1857 nium
236 1804 377 1860 saevitiae
387 1821 482 1858 eausa.
499 1802 525 1856 5.
535 1802 564 1857 in
572 1801 721 1874 perfidiam
729 1805 930 1860 advocatorum
940 1807 985 1862 lex
995 1807 1091 1864 Cineia
1101 1808 1181 1882 flagi-

151 1885 234 1935 tatur.
257 1883 283 1936 6.
294 1882 320 1935 7.
334 1880 466 1951 praemiis
485 1897 537 1950 pro
551 1879 710 1950 patrocinio
723 1881 824 1935 modus
837 1883 953 1952 ponitur
966 1902 984 1939 a
997 1885 1133 1956 principe.
1155 1887 1181 1940 8.

151 1955 252 2012 Parthi
265 1957 441 2012 discordant.
469 1957 608 2012 Gotarzes
624 1958 725 2027 pulsus
738 1957 812 2012 vires
830 1965 952 2028 reparat.
978 1961 1004 2013 9.
1017 1977 1117 2029 pacem
1129 1961 1183 2015 init

152 2047 213 2087 cum
227 2035 373 2090 Bardane.
395 2034 437 2087 10.
450 2032 498 2087 hic
511 2033 606 2088 vietor
615 2051 633 2088 a
647 2033 706 2087 suis
720 2033 856 2088 caeditur.
883 2036 925 2088 11.
938 2035 999 2089 ludi
1012 2037 1181 2092 saeculares.

151 2107 295 2166 Domitius
309 2111 386 2167 Nero
402 2109 561 2166 destinatur
573 2110 701 2180 imperio.
724 2110 766 2163 12.
781 2109 936 2166 Messalina
946 2111 1044 2166 Silium
1063 2113 1182 2182 deperit.

152 2185 192 2239 13.
203 2187 342 2244 Claudius
352 2188 431 2242 aliud
440 2187 507 2258 agit.
526 2188 606 2258 leges
616 2187 679 2242 fert.
694 2203 784 2242 novas
795 2187 951 2242 litterarum
960 2187 1066 2243 formas
1076 2189 1182 2260 vulgat.

152 2262 193 2317 14.
206 2266 244 2320 de
257 2267 416 2322 litterarum
425 2265 630 2319 inventoribus.
649 2264 690 2320 15.
701 2263 836 2320 Claudius
846 2266 1012 2337 haruspices
1022 2265 1122 2321 firmat
1140 2269 1181 2321 16.

153 2340 268 2398 Italicus
284 2361 334 2398 rex
349 2342 498 2398 Cheruscis
511 2343 675 2413 petentibus
689 2343 780 2397 datur.
803 2344 845 2397 17.
860 2344 974 2399 morde
989 2361 1023 2399 eo
1039 2344 1182 2399 discordia

153 2420 245 2486 gentis
256 2427 286 2476 et
294 2421 410 2476 bellum.
432 2422 473 2474 18.
483 2421 658 2475 rebellantes
669 2419 799 2474 Chaucos
810 2419 934 2475 Corbulo
948 2422 1082 2492 reprimit.
1104 2421 1129 2476 is
1139 2439 1181 2476 se-

154 2511 217 2552 vere
228 2498 327 2569 agitin
336 2498 448 2552 milites.
470 2498 512 2551 19.
521 2497 630 2552 Frisios
645 2499 797 2568 componit.
822 2499 1004 2554 Gannascum
1018 2499 1120 2554 caedit
1138 2500 1180 2554 20.

153 2573 236 2628 ardor
249 2575 311 2630 eius
326 2592 344 2629 a
358 2572 477 2628 Claudio
492 2590 647 2644 repressus.
672 2574 782 2630 fossam
795 2576 870 2634 iuter
883 2577 994 2632 Mosam
1008 2583 1038 2631 et
1050 2577 1181 2632 Rhenum

154 2646 238 2705 ducit.
255 2651 380 2722 insignia
389 2650 523 2720 triumphi
537 2650 564 2704 ei
577 2651 695 2704 indulta
713 2652 755 2705 21.
767 2651 807 2708 sic
817 2660 846 2708 et
856 2647 1048 2708 Curtio'liufo.
1071 2653 1179 2710 aano-

153 2724 214 2780 uius
223 2728 306 2798 perit.
325 2727 360 2781 de
371 2728 534 2796 spectaculo
545 2727 734 2798 gladiatorum
744 2735 773 2783 et
782 2731 991 2802 quaestoribus.

201 2803 322 2859 23-25.
338 2805 414 2860 Galli
428 2805 572 2859 civitatem
589 2805 702 2874 plenam
721 2805 855 2861 affectant
868 2814 897 2862 et
910 2807 1039 2877 principe
1056 2807 1179 2876 patroci-

153 2887 234 2936 nante
244 2882 405 2952 impetrant‚
415 2886 445 2936 et
452 2881 544 2951 primo
555 2881 667 2952 quidem
673 2881 775 2937 Aedui.
787 2883 901 2954 patricii
910 2883 1042 2954 suppleti.
1061 2883 1180 2940 lustrum

153 2960 305 3014 eonditum.

201 3037 242 3090 26.
248 3037 291 3090 27.
297 3035 453 3090 Messalina
462 3052 557 3091 amore
567 3052 686 3092 vaecors
692 3034 761 3090 Silio
771 3037 867 3107 palam
877 3036 967 3090 nubit
982 3037 1024 3090 28.
1030 3039 1181 3095 turbantur

152 3113 242 3168 aulici.
266 3115 309 3168 29.
319 3113 361 3167 30.
372 3114 523 3169 Narcissus
538 3130 590 3183 per
603 3113 729 3185 paelices
738 3130 797 3168 rem
811 3113 912 3167 defert.
935 3113 977 3166 31.
987 3113 1029 3166 32.
1045 3113 1180 3170 Claudius

152 3192 283 3261 trepidat.
301 3191 457 3245 Messalina
466 3191 630 3262 baechatur,
640 3208 741 3262 preces
750 3191 1047 3261 perVestalemparat.
1060 3191 1180 3246 33-36.

153 3264 301 3322 Narcissus
315 3268 472 3338 principem
484 3273 634 3322 nutantem
648 3267 761 3336 incitat,
776 3285 876 3337 preces
886 3267 1031 3338 amolitur,
1047 3268 1179 3339 sontium,

152 3340 180 3396 iu
192 3345 236 3400 his
245 3343 411 3414 Mnesteris,
427 3345 596 3415 supplicium
608 3351 700 3416 urget.
722 3345 765 3400 37.
774 3346 816 3400 38.
826 3345 1011 3402 Messalinam
1023 3347 1179 3419 languente

152 3422 292 3492 principe,
303 3422 370 3478 dein
379 3423 480 3493 ignaro
492 3424 573 3478 caedi
584 3431 672 3478 curat.

198 3499 281 3553 Haec
291 3505 374 3570 gesta
388 3500 468 3554 annis
483 3500 544 3554 fere
558 3501 670 3554 duobus
686 3502 728 3556 Ti.
739 3500 857 3558 Claudio
869 3501 990 3560 Caesare
1005 3505 1073 3580 1111,
1083 3505 1117 3561 L.
1126 3505 1176 3563 vi-

151 3580 227 3636 tellio
238 3577 339 3648 [1131.
349 3578 482 3649 Vitellio,
491 3579 526 3632 L.
536 3578 676 3648 Vipstano
687 3595 760 3634 coss.

212 3795 276 3829 *⁵*
285 3796 347 3831 '¹'
365 3823 439 3864 nam
453 3798 614 3864 Valerium
627 3797 814 3876 Asiaticum,
830 3798 879 3863 bis
893 3795 1064 3870 considam,
1078 3793 1176 3856 fuisse
1198 3814 1206 3856 1

149 3891 308 3972 quendem
321 3893 498 3958 adulterum
512 3894 579 3958 eius
593 3894 737 3970 eredidit3
750 3892 927 3976 pariterque
937 3887 1034 3952 hortis
1043 3885 1176 3962 inhians,

148 4004 227 4066 quos
245 3985 298 4049 ille
316 4009 336 4050 a
352 3987 490 4052 Lucullo
513 3997 640 4072 coeptos
663 3985 780 4071 insigni
801 3979 1033 4066 magnificentia
1050 3979 1178 4044 estolle-

148 4076 210 4155 bat,
230 4077 380 4144 Suillium
393 4081 578 4146 accusandis
597 4081 737 4163 utrisque
750 4075 903 4152 immittit3
923 4073 1102 4160 adiungitur
1117 4071 1177 4140 So-

148 4173 262 4254 sibius,
281 4174 454 4241 Britannici
472 4175 635 4252 educator,
652 4173 706 4257 qui
722 4194 779 4257 per
796 4168 934 4256 speciem
951 4166 1176 4234 benivolentiae
