3054 4962
317 435 380 502 134
665 445 851 502 CORNELII
862 443 993 500 TACITI

1237 540 1348 579 sarrs.

264 629 298 676 4ο
378 605 434 670 Ad
451 627 490 670 ea
507 603 800 670 Trberiuslaudats
815 603 932 688 pietate
950 599 1059 669 Seiani
1076 603 1206 688 suisque
1222 605 1256 670 in
1272 629 1350 671 eum

315 700 479 767 beneficiis
492 699 616 764 modice
632 697 804 783 percursis,
827 719 900 762 cum
919 706 1044 782 tempus
1062 707 1223 783 tamquam
1241 702 1282 765 ad
1299 701 1351 765 iu-

315 807 436 881 tegram
453 793 713 860 consultationem
729 792 908 877 petivisset,
926 792 1083 856 adiunxit:
1102 794 1213 860 ceteris
1231 807 1351 860 morta

314 889 398 955 libus
414 889 448 953 iu
465 911 505 954 eo
521 898 604 958 stare
617 887 748 952 consilia
759 887 837 970 quid
854 887 915 952 sibi
927 887 1103 952 conducere
1119 898 1245 972 putent3
1262 891 1351 974 prin-

315 984 422 1070 cipum
443 983 600 1048 diversam
618 1004 692 1048 esse
707 990 838 1060 sortem,
861 980 977 1065 quibus
998 983 1169 1067 praecipua
1185 1006 1288 1048 rerum
1306 985 1351 1048 ad

315 1079 435 1146 famam
446 1078 627 1164 derigenda
649 1077 721 1141 ideo
739 1098 774 1142 ee
791 1098 854 1140 non
872 1077 947 1140 illuc
959 1077 1124 1141 decurrere
1140 1079 1226 1161 quod
1242 1100 1351 1163 prom-

315 1183 405 1259 ptum
421 1173 590 1258 rescripsi,
612 1193 708 1257 posse
723 1171 828 1255 ipsam
843 1170 974 1234 Liviam
991 1179 1142 1248 statuere,
1166 1171 1350 1238 nubendum

204 1269 208 1274 “
314 1276 388 1352 post
404 1265 549 1332 Drusum
567 1289 608 1330 an
627 1266 662 1330 in
678 1264 845 1349 penatibus
863 1265 965 1329 isdem
987 1264 1182 1330 tolerandum
1203 1265 1349 1343 haberet3

316 1381 388 1428 esse
413 1361 460 1424 illi
484 1369 675 1425 matrem-et
701 1359 806 1423 aviam
830 1358 978 1444 propiora
1002 1359 1148 1424 consilia:
1175 1359 1349 1445 simplicius
1386 1441 1390 1446 Ι

316 1464 473 1530 acturum,
499 1454 540 1518 de
561 1452 731 1518 inimicitiis
751 1452 889 1537 primum
911 1451 1123 1538 Agrippinae,
1151 1475 1231 1537 quas
1253 1454 1349 1539 longe

316 1549 419 1614 acrius
437 1569 574 1624 murus,
593 1547 621 1613 si
637 1546 872 1611 matrimonium
883 1547 998 1612 Liviae
1016 1547 1153 1612 velutin
1169 1556 1273 1632 partes
1292 1549 1348 1611 do-

316 1663 403 1706 mum
422 1639 596 1706 Caesarum
613 1641 826 1719 dunensem
849 1641 896 1706 sio
912 1663 1038 1724 quoque
1060 1662 1223 1726 erumpere
1241 1663 1350 1706 aemu-

315 1736 465 1802 lationem
486 1735 690 1813 seminarum,
717 1757 817 1819 eaque
839 1735 997 1800 discordia
1017 1745 1149 1820 nepotes
1177 1757 1251 1801 suos
1273 1759 1350 1800 con-

316 1830 403 1896 velli:
428 1830 570 1913 „quidsi
590 1831 770 1895 intendatur
791 1839 949 1895 certamen
970 1830 1026 1894 tali
1043 1830 1210 1916 coniugio?
1230 1830 1349 1895 falleris

317 1925 415 2002 euim,
436 1922 565 2003 Seiana,
589 1926 617 1990 si
634 1935 665 1990 te
682 1948 866 1990 mansurum
883 1924 917 1989 in
934 1925 1046 1989 eodem
1064 1926 1171 1991 ordine
1189 1935 1296 2011 putas,
1316 1937 1348 1989 et

316 2020 460 2098 Liviam,
486 2041 568 2104 quae
590 2018 629 2084 Ο.
653 2017 799 2096 Caesari,
827 2041 902 2083 mox
922 2018 1032 2084 Druso
1053 2028 1153 2105 nupta
1176 2019 1282 2097 suerit,
1310 2041 1350 2084 ea

316 2124 422 2180 mente
443 2123 584 2180 acturam
605 2123 641 2179 ut
662 2135 735 2178 cum
757 2114 862 2196 equite
884 2113 1029 2178 Romano
1051 2124 1208 2178 senescatr
1232 2136 1293 2200 ego
1313 2128 1350 2178 ut

318 2209 434 2287 sinam,
460 2209 604 2274 credisne
630 2230 780 2295 passuros
806 2208 861 2290 qui
886 2207 1015 2272 fratrem
1038 2209 1120 2286 eius,
1147 2209 1202 2292 qui
1226 2218 1348 2294 patrem

317 2305 513 2386 maioresque
530 2312 654 2367 nostros
672 2303 705 2366 in
723 2303 854 2380 summis
867 2301 1006 2386 imperiis
1020 2302 1146 2366 videre?
1161 2303 1210 2368 vis
1228 2312 1263 2366 tu
1279 2303 1350 2385 qui-

319 2397 392 2460 dem
417 2395 514 2460 istum
540 2396 622 2460 intra
646 2396 751 2476 locum
778 2396 902 2462 sistere:
935 2396 992 2460 sed
1016 2396 1063 2459 illi
1088 2396 1291 2481 magistratus
1317 2406 1351 2460 et

318 2491 485 2575 primores,
509 2490 564 2573 qui
581 2499 613 2554 te
629 2490 728 2554 invito
745 2498 952 2575 perrumpunt
969 2490 1177 2574 omnibusque
1196 2491 1236 2555 de
1253 2489 1349 2555 rebus

318 2583 495 2660 consulunt,
510 2583 684 2648 excessisse
697 2584 761 2648 iam
775 2584 896 2668 pridem
909 2593 1054 2666 equestre
1067 2583 1229 2670 fastigium
1241 2584 1352 2670 longe-

319 2698 380 2761 que
397 2677 516 2742 antisse
533 2679 631 2762 patris
648 2678 711 2742 mei
729 2679 881 2743 amicitias
898 2700 963 2742 non
981 2679 1094 2742 occulti
1111 2679 1216 2743 ferunt
1231 2701 1350 2764 perque

318 2771 469 2836 invidiam
482 2771 528 2835 tui
541 2793 592 2836 me
605 2793 732 2856 quoque
748 2772 904 2838 incusant.
927 2781 961 2837 at
978 2773 1061 2837 enim
1073 2770 1240 2858 Augustus
1253 2773 1351 2836 filiam

320 2887 411 2930 suam
433 2865 530 2949 equiti
550 2863 696 2930 Romano
718 2867 840 2930 tradere
861 2866 1031 2931 meditatus
1054 2877 1115 2931 est:
1141 2867 1256 2930 mirum
1280 2866 1352 2930 her-

320 2959 389 3026 cule
407 2959 449 3037 si,
472 2981 544 3024 cum
561 2961 596 3025 in
617 2961 718 3026 omnis
731 2983 833 3025 -curas
856 2961 1080 3026 distraheretur
1100 2961 1351 3044 immensumque
1404 3007 1410 3015 -

320 3053 420 3120 attolli
436 3055 615 3139 provideret
632 3077 726 3138 quem
745 3055 962 3119 coniunctione
980 3055 1035 3118 tali
1054 3077 1148 3140 super
1165 3053 1242 3118 alios
1261 3064 1352 3118 extu-

320 3148 422 3226 lisset,
450 3147 489 3213 C.
512 3147 713 3214 Proculeium
735 3156 766 3212 et
788 3149 942 3230 quosdam
963 3148 997 3212 in
1019 3147 1215 3213 sermonibus
1241 3147 1352 3212 habuit

319 3242 436 3327 insigni
449 3242 670 3324 tranquillitate
683 3242 775 3319 vitae,
794 3241 888 3306 nullis
898 3242 951 3306 ¹rei
968 3242 1112 3327 publicae
1129 3242 1263 3328 negotiis
1280 3265 1353 3328 per-

320 3335 446 3399 mixtos.
474 3334 532 3399 sed
549 3335 577 3399 si
594 3335 788 3400 dubitatione
805 3333 946 3422 Augusti
963 3358 1140 3413 movemur,
1163 3344 1279 3419 quanto
1296 3359 1353 3399 va-

321 3426 415 3493 lidius
437 3436 486 3491 est
507 3427 599 3510 quod
615 3427 726 3492 Marco
747 3428 927 3516 Agrippae,
954 3451 1030 3494 mox
1056 3429 1134 3494 mihi
1160 3429 1354 3494 conlocarit?

322 3527 416 3603 atque
433 3541 494 3604 ego
507 3519 586 3585 haec
603 3543 660 3605 pro
674 3523 810 3587 amicitia
826 3547 890 3588 non
907 3523 1075 3588 occultavi:
1095 3532 1232 3588 ceterum
1249 3543 1353 3604 neque

322 3614 383 3679 tuis
405 3635 508 3698 neque
529 3615 643 3680 Liviae
666 3616 830 3682 destinatis
852 3617 1052 3682 adversabor:
1083 3618 1152 3702 ipse
1174 3617 1251 3701 quid
1271 3617 1354 3680 intra

322 3708 461 3774 animum
482 3705 703 3790 volutaverim,
730 3711 846 3795 quibus
869 3713 972 3777 adhuc
998 3710 1282 3778 necessitudinibus
1306 3711 1354 3773 in-

321 3803 453 3870 miscere
475 3813 506 3870 te
523 3805 601 3870 mibi
621 3828 744 3891 parem,
766 3807 915 3871 omittam
932 3805 974 3870 ad
994 3827 1145 3892 praesens
1162 3804 1292 3870 referre:
1320 3803 1355 3867 id

322 3907 443 3964 tantum
465 3900 617 3985 aperiam,
640 3901 718 3966 nibil
742 3923 812 3965 esse
834 3909 898 3965 tam
921 3901 1081 3966 excelsum
1103 3899 1190 3984 quod
1210 3921 1274 3963 non
1291 3897 1355 3961 vir-

324 4001 405 4059 tutes
418 3994 497 4060 istac
511 4004 646 4080 tuusque
660 3996 694 4060 in
706 4017 757 4060 me
775 3995 898 4059 animus
916 4003 1104 4072 mereantur,
1123 3995 1260 4077 datoque
1274 4003 1355 4056 tem·

322 4108 398 4171 pore
416 4088 516 4171 velin
534 4100 644 4155 senatu
662 4090 713 4155 vel
730 4090 764 4154 in
781 4086 924 4154 contione
942 4112 1006 4154 non
1023 4087 1191 4154 reticeb0.“

274 4199 303 4244 41
387 4180 526 4246 Rursum
549 4182 698 4261 Seianus,
725 4205 790 4248 non
811 4184 875 4248 iam
897 4184 937 4250 de
958 4182 1156 4249 matrimonio
1180 4180 1236 4247 sed
1249 4179 1355 4244 altius
