3010 4962
433 453 907 513 ANNAL1UML113.1.4s-51.
1031 499 1036 508 .
1138 449 1180 514 27

152 561 172 601 ρ.
183 549 225 590 ca.
235 551 270 588 14.

150 640 247 702 quam
266 614 417 680 maiorem
435 613 594 699 legionum
612 623 734 698 partem
751 614 784 678 in
801 613 906 680 officio
919 615 1035 695 vident,
1054 618 1093 684 de
1112 640 1182 684 sen·

151 711 251 776 tentia
272 708 369 794 legati
392 716 533 773 statuunt
555 716 679 792 tempus
701 729 764 790 quo
786 707 1004 774 foedissimum
1026 732 1182 796 quemque

151 815 182 871 et
200 803 349 870 seditioni
365 811 546 887 promptum
564 801 647 866 ferro
664 801 829 880 invadant3
848 811 923 866 tunc
941 803 1032 889 signo
1049 804 1130 870 iuter
1148 827 1182 871 se

150 900 225 964 dato
248 898 432 981 inrumpunt
454 894 666 972 contubernia,
690 895 846 960 trucidant
866 896 993 982 ignaros
1014 897 1100 962 nullo
1122 899 1184 964 nisi

151 992 287 1058 consciis
307 998 456 1056 noscente
473 987 560 1073 quod
578 989 683 1054 caedis
701 989 838 1066 initium,
861 990 931 1074 quis
950 989 1032 1056 finis.
1059 991 1233 1058 diversata

151 1086 294 1152 omnium
312 1105 393 1166 quae
412 1104 561 1166 umquam
579 1081 719 1149 accidere
741 1083 880 1150 civilium
897 1107 1054 1150 armorum
1071 1085 1182 1151 facies:

151 1203 215 1244 uon
227 1178 358 1264 proelio,
377 1199 441 1242 non
458 1176 599 1244 adversis
618 1198 635 1242 e
653 1177 773 1254 castris,
793 1178 849 1242 sed
862 1179 962 1243 isdem
981 1201 998 1243 e
1016 1178 1182 1256 cubilibus,

151 1296 232 1358 quos
248 1272 343 1336 simul
355 1270 511 1336 vescentis
525 1270 602 1348 dies,
622 1271 716 1335 simul
728 1272 850 1355 quietos
864 1295 928 1337 nox
940 1271 1100 1351 habuerat,
1120 1273 1184 1337 dis·

151 1367 269 1432 cedunt
286 1365 321 1428 in
337 1374 456 1450 partes,
475 1364 621 1450 ingerunt
638 1365 715 1443 tela3
739 1365 869 1443 clamor,
887 1365 1032 1444 vulnera,
1052 1367 1182 1453 sanguis

151 1459 272 1545 palam,
293 1480 389 1522 causa
405 1457 439 1520 in
456 1457 593 1536 occulto,
612 1467 716 1523 cetera
732 1458 798 1524 sors
815 1460 910 1546 regit:
934 1469 965 1524 et
982 1461 1110 1545 quidam
1128 1460 1184 1528 bo-

152 1575 267 1618 norum
286 1552 383 1629 caesi,
402 1561 571 1636 postquam
588 1552 746 1618 intellecto
763 1553 797 1616 in
814 1575 894 1637 quos
913 1555 1093 1633 saeviretur,
1112 1577 1184 1641 pes-

153 1647 225 1712 simi
243 1667 369 1728 quoque
388 1667 475 1709 arma
491 1655 672 1730 rapuerant3
695 1667 798 1730 neque
819 1648 942 1733 legatus
964 1658 1019 1713 aut
1040 1649 1183 1714 tribunus
1217 1679 1220 1686 ·

152 1741 332 1805 moderator
357 1737 471 1803 adfuit:
497 1739 651 1824 permissa
673 1738 768 1825 vulgo
790 1740 916 1806 licentia
938 1751 1032 1825 atque
1055 1743 1130 1808 ultio
1153 1752 1184 1807 et

154 1836 294 1901 satietas.
312 1855 387 1898 mox
399 1834 562 1919 ingressus
576 1843 678 1899 castra
688 1831 906 1912 Germanicus,
920 1858 984 1900 non
997 1838 1184 1902 medicinam

153 1929 231 1994 illud
249 1927 391 2013 pltuimis
410 1948 483 1992 cum
499 1927 635 1994 lacrimis
654 1928 711 1993 sed
724 1927 845 1994 cladem
863 1928 1034 2013 appellans,
1054 1931 1183 1995 cremari

154 2044 288 2107 corpora
305 2020 401 2085 iubet.

219 2116 340 2180 Truces
350 2114 520 2179 etiamtum
529 2115 650 2180 animos
660 2114 775 2199 cupido
784 2114 1183 2193 involateundiinhostem,

154 2209 314 2296 piaculum
336 2207 465 2284 furoris;
491 2229 550 2272 nec
571 2207 660 2272 aliter
681 2228 776 2291 posse
797 2206 916 2293 placari
937 2208 1184 2273 commilitonum

153 2323 264 2368 manes
282 2324 378 2385 quam
395 2301 424 2365 si
439 2300 617 2386 pectoribus
632 2301 736 2385 impiis
754 2299 886 2367 honesta
900 2302 1029 2368 vulnera
1046 2303 1185 2388 accepis-

155 2404 235 2462 sent.
268 2394 409 2478 sequitur
431 2395 574 2458 ardorem
595 2394 729 2458 militum
751 2393 872 2460 Caesar
896 2396 1064 2480 iunctoque
1090 2406 1184 2481 ponte

155 2487 299 2554 tramittit
311 2487 476 2553 duodecim
489 2487 606 2552 miliae
623 2487 809 2574 legionibus,
829 2511 886 2554 sex
904 2499 935 2554 et
952 2490 1064 2576 viginti
1082 2491 1183 2556 socias

155 2582 308 2659 cohortis,
328 2591 398 2646 octo
416 2582 557 2665 equitum
575 2581 655 2659 alas,
677 2603 811 2666 quarum
829 2604 867 2648 ea
884 2583 1036 2648 seditione
1053 2585 1184 2650 inteme-

155 2687 224 2742 rata
241 2675 395 2741 modestia
413 2675 481 2739 fuit.
508 2676 700 2759 laetiusque
718 2676 826 2762 procul
845 2675 996 2742 Germani
1013 2678 1183 2764 agitabant,
1204 2699 1236 2748 50

155 2771 232 2836 dum
250 2770 369 2835 iustitio
386 2769 427 2834 ob
445 2770 598 2835 amissum
614 2767 815 2856 Augustum,
838 2781 911 2856 post
932 2771 1096 2837 discordiis
1115 2774 1186 2837 atti-

156 2887 276 2930 nemur.
300 2873 333 2928 at
344 2862 507 2930 Romanus
526 2863 651 2950 agmine
663 2885 797 2949 propero
815 2864 926 2929 silvam
941 2864 1088 2930 Caesiam
1105 2866 1186 2930 hmi-

156 2969 284 3042 temque
302 2981 322 3021 a
339 2956 466 3023 Tiberio
484 2967 630 3042 coeptum
644 2958 776 3035 scindit,
800 2968 903 3023 castra
924 2959 957 3022 in
974 2959 1072 3023 limite
1093 2959 1184 3037 locat,

156 3054 294 3119 frontem
307 3075 344 3118 ac
356 3061 480 3138 tergum
492 3053 585 3130 vallo,
603 3053 702 3117 latera
715 3052 924 3116 concaedibus
941 3053 1096 3131 munitus;
1113 3055 1186 3118 inde

157 3148 255 3214 saltus
270 3147 421 3212 obscuros
434 3157 574 3233 permeat
588 3146 806 3230 consultatque
824 3167 864 3209 ex
882 3145 1005 3210 duobus
1022 3146 1185 3210 itineribus

157 3243 252 3309 breve
274 3251 306 3306 et
328 3241 455 3308 solitum
477 3250 626 3325 sequatur
648 3264 689 3306 an
710 3239 891 3324 impeditius
915 3249 946 3304 et
967 3240 1186 3326 intemptatum

157 3358 258 3420 eoque
276 3336 420 3402 hostibus
438 3336 613 3401 incautum:
638 3335 759 3402 delecta
774 3334 916 3420 longiore
938 3334 990 3400 via
1011 3343 1115 3399 cetera
1132 3335 1187 3399 ad-

157 3431 346 3508 celerantur3
360 3430 475 3494 etenim
488 3430 656 3494 attulerant
670 3429 880 3514 exploratores
894 3428 1009 3494 festam
1022 3451 1092 3494 eam
1107 3426 1187 3495 Ger-

157 3525 259 3589 manis
273 3534 397 3589 noctem
411 3546 449 3590 ac
462 3524 664 3590 sollemnibus
679 3517 778 3609 epulis
787 3524 948 3589 ludicram.
968 3523 1106 3589 Caecina
1115 3547 1186 3588 cum

158 3618 313 3704 expeditis
332 3617 512 3683 cohortibus
534 3618 654 3702 praeire
673 3628 705 3680 et
722 3617 879 3682 obstantia
900 3619 1049 3683 silvarum
1067 3617 1187 3681 amoliri

158 3713 296 3789 iubetur;
319 3711 460 3798 legiones
483 3712 607 3776 modico
629 3711 791 3777 intervallo
816 3721 996 3795 sequuntur.
1024 3711 1103 3775 iuvit
1123 3733 1188 3774 nox

160 3807 315 3872 sideribus
333 3799 491 3884 inlustris,
514 3815 703 3889 ventumque
721 3808 763 3870 ad
779 3806 865 3870 vicos
873 3807 1054 3870 Marsorum
1076 3813 1108 3868 et
1129 3803 1187 3868 cir-

159 3901 325 3966 cumdatae
343 3901 492 3966 stationes
516 3901 621 3966 stratis
640 3901 734 3964 etiam
753 3911 820 3963 tum
837 3920 893 3983 per
915 3898 1030 3962 cubilia
1047 3907 1187 3982 propter-

157 4016 219 4078 que
246 4017 387 4073 mensas,
415 3995 500 4060 nullo
526 4004 625 4072 metu,
651 4017 716 4059 nou
741 3993 923 4077 antepositis
950 3993 1079 4078 vigiliis:
1108 3993 1186 4059 adeo
1244 4059 1250 4071 ,

159 4099 274 4154 cuncta
290 4089 411 4154 inciuia
428 4089 559 4154 disiecta
576 4098 672 4165 erant,
691 4109 793 4171 neque
811 4086 885 4151 belli
903 4087 995 4151 timor
1011 4108 1049 4150 ac
1066 4109 1106 4152 ne
1123 4109 1186 4173 pan

159 4184 287 4266 quidem
311 4184 371 4248 nisi
392 4184 541 4269 languida
563 4192 594 4248 et
616 4183 717 4248 soluta
742 4182 822 4245 iuter
844 4181 1039 4247 temulentos.
1068 4181 1187 4248 Caesar
1205 4195 1234 4242 51
