3020 4964
342 387 407 454 272
696 396 878 455 CORNELII
891 395 1021 452 TAGITI

1260 499 1311 529 au.
1322 491 1367 530 814.

340 566 462 624 menter
483 555 597 624 deditis
623 553 848 620 consulturum.
880 553 972 618 simul
993 555 1027 618 in
1052 553 1162 623 urbem
1188 555 1368 635 mandabat,

340 652 462 716 nullum
470 649 657 738 proeliorum
669 648 764 712 finem
778 656 977 732 expectarent
986 649 1047 714 nisi
1061 650 1279 716 succederetur
1289 648 1369 716 Sue-

341 746 436 828 tonio,
451 744 540 810 cuius
554 743 685 810 adversa
697 741 842 827 pravitati
859 742 968 828 ipsius,
986 765 1135 829 prospera
1153 745 1193 808 ad
1211 743 1368 810 fortunam

340 837 505 916 referebat.
1194 894 1197 897 .

289 953 321 1002 39
404 931 506 1018 Igitur
527 931 568 998 ad
590 931 795 1016 spectandum
812 931 993 996 Britanniae
1016 940 1131 1009 statum
1150 933 1265 998 missus
1283 943 1367 999 este

340 1025 458 1092 libertis
480 1024 670 1110 Polyclitus,
697 1047 812 1111 magna
833 1024 966 1090 Neronis
989 1047 1045 1110 spe
1066 1048 1162 1110 posse
1184 1027 1367 1090 auctoritate

340 1122 407 1186 eius
425 1141 488 1184 non
506 1117 599 1183 modo
612 1118 692 1182 iuter
705 1117 844 1204 legatum
857 1128 1151 1203 procuratoremque
1169 1118 1368 1185 concordiam

316 1243 318 1254 ·
339 1213 441 1300 gigni,
456 1214 526 1278 ..sed
548 1222 579 1277 ct
595 1210 727 1278 rebelles
751 1210 953 1282 barbarorum
979 1212 1100 1276 animos
1122 1234 1200 1297 pace
1222 1215 1366 1298 conponi.

338 1330 398 1373 nec
423 1307 523 1372 defuit
543 1305 718 1390 Polyclitus
744 1305 937 1388 quominus
962 1305 1083 1392 ingenti
1109 1305 1237 1392 agmine
1257 1306 1367 1370 ltaliae

339 1398 524 1484 Galliaeque
545 1400 665 1486 gravis,
688 1410 856 1484 postquam
876 1396 1041 1464 Oceanum
1059 1400 1285 1478 transmiserat,
1309 1401 1367 1466 mi·

338 1493 443 1558 litibus
462 1515 587 1577 quoque
603 1492 719 1560 nostris
738 1491 882 1557 tenibilis
901 1492 1071 1558 incederet:
1091 1494 1147 1558 sed
1163 1494 1308 1559 hostibus
1326 1495 1367 1558 ir-

337 1587 414 1650 risui
431 1587 499 1663 suit,
518 1586 604 1671 apud
617 1606 696 1669 quos
710 1585 862 1675 flagrante
877 1586 970 1650 etiam
984 1596 1050 1651 tum
1067 1587 1208 1652 libertate
1226 1587 1366 1653 nondum

338 1680 463 1766 cognita
475 1679 687 1746 libertinorum
696 1681 836 1766 potentia
848 1690 923 1759 erat,
937 1680 1190 1764 mirabanturque
1203 1683 1288 1764 quod
1302 1683 1367 1745 dux

337 1784 370 1838 et
387 1774 540 1838 exercitus
554 1774 632 1838 tanti
644 1772 719 1838 belli
732 1773 890 1839 confector
908 1774 1041 1839 servitiis
1059 1773 1230 1840 obedirent.
1253 1787 1367 1840 cuncta

338 1877 442 1934 tamen
464 1867 505 1934 ad
522 1867 741 1952 imperatorem
762 1867 796 1931 in
813 1867 937 1932 mollius
960 1867 1070 1945 relata,
1094 1869 1301 1952 detentusque
1318 1892 1367 1934 re-

338 1961 398 2026 bus
415 1962 564 2048 gerundis
581 1959 760 2038 Suetonius,
780 1963 865 2045 quod
876 1964 974 2048 poulo
992 1971 1065 2048 post
1081 1985 1198 2048 paucas
1216 1983 1320 2028 naves·
1333 1965 1366 2027 in

338 2057 426 2122 litore
443 2056 669 2142 remigiumque
683 2056 716 2119 in
732 2055 771 2120 iis
786 2056 941 2132 amiserat,
960 2066 1119 2140 tamquam
1133 2057 1264 2122 durante
1282 2055 1366 2120 bello

338 2153 461 2230 tradere
477 2151 647 2216 exercitum
666 2149 814 2235 Petronio
832 2149 1029 2234 Turpiliano,
1048 2151 1102 2234 qui
1119 2150 1182 2215 iam
1200 2151 1366 2216 consulatu

338 2247 465 2324 abierat,
484 2246 617 2311 iubetur.
640 2243 667 2309 is
685 2267 750 2309 non
765 2245 883 2310 irritato
901 2245 990 2311 hoste
1008 2267 1110 2329 neque
1127 2244 1290 2310 lacessitus
1309 2246 1367 2310 ho-

337 2356 461 2407 nestum
480 2340 566 2425 pacis
585 2362 700 2404 nomen
717 2340 806 2425 segni
824 2340 886 2404 otio
905 2340 1063 2426 imposuit.

286 2458 320 2505 40
400 2434 524 2498 Eodem
543 2457 624 2498 anno
642 2433 763 2498 Romae
784 2433 920 2520 insignia
938 2434 1069 2512 scelera,
1092 2435 1222 2499 alterum
1240 2444 1367 2501 senato-

336 2531 393 2605 ris,
413 2527 518 2593 servili
535 2527 668 2591 alterum
686 2528 831 2605 audacia,
850 2529 988 2596 admissa
1006 2538 1092 2594 sunt:
1110 2527 1270 2593 Domitius
1289 2527 1367 2591 Bal-
1392 2519 1396 2528 ’

336 2622 396 2687 bus
419 2629 484 2684 erat
505 2620 691 2704 praetorius,
720 2622 814 2686 simul
834 2621 929 2708 longa
950 2632 1089 2701 senecta,
1117 2622 1210 2687 simul
1232 2621 1366 2686 orbitate

337 2727 368 2781 et
385 2713 519 2801 pecunia
538 2713 660 2778 insidiis
684 2713 852 2793 obnoxius3
876 2715 905 2780 ei
926 2717 1118 2802 propinquus
1137 2716 1284 2788 Valerius
1302 2716 1366 2780 Fa-

337 2811 463 2886 bianus,
485 2808 687 2892 capessendis
704 2809 875 2875 honoribus
898 2810 1085 2888 destinatus,
1109 2810 1247 2875 subdidit
1268 2802 1366 2875 testa-

336 2914 474 2970 mentum
492 2902 599 2968 ascitis
611 2901 741 2968 ¹Vinicio
759 2903 874 2970 Rufino
892 2913 924 2968 et
941 2904 1088 2970 Terentio
1103 2905 1256 2981 Lentino,
1276 2905 1366 2987 equi-

336 3002 420 3066 tibus
442 2998 608 3075 Romanis3
629 2997 674 3062 illi
694 2996 871 3064 Antonium
892 2997 1035 3064 Primum
1057 3010 1088 3064 et
1109 2999 1257 3064 Asinium
1275 2999 1366 3064 Mar-

337 3097 450 3160 cellum
464 3094 671 3158 sociaverant:
685 3090 844 3160 Antonius
858 3093 989 3158 audacia
1001 3103 1174 3178 promptus,
1189 3093 1363 3158 Marcellus

335 3188 449 3254 Asinio
472 3185 612 3250 Pollione
633 3208 750 3270 proavo
774 3184 876 3260 elanus
899 3209 1001 3270 neque
1023 3209 1145 3251 morum
1168 3187 1364 3272 spernendus

334 3281 535 3361 habebatur„
548 3280 608 3344 nisi
634 3279 719 3363 quod
740 3289 955 3364 paupertatem
981 3280 1182 3368 praecipuum
1208 3279 1365 3344 malorum

335 3372 496 3448 credebat;
521 3373 616 3456 igitur
636 3373 795 3438 Fabianus
821 3373 943 3439 tabulas
966 3375 1004 3439 iis
1027 3397 1106 3458 quos
1133 3374 1305 3438 memoravi
1332 3384 1365 3437 et

334 3464 403 3528 aliis
429 3464 533 3526 minus
560 3465 731 3530 illustribus
758 3467 913 3554 obsignat.
944 3469 1029 3552 quod
1055 3469 1140 3552 apud
1164 3477 1269 3554 patres
1288 3490 1365 3532 con-

335 3558 466 3634 victum3
489 3565 520 3620 et
540 3555 700 3623 Fabianus
723 3560 945 3646 Antoniusque
967 3585 1039 3626 cum
1056 3561 1172 3627 Rufino
1194 3570 1225 3625 et
1243 3561 1365 3625 Teren-

335 3653 378 3719 tio
392 3652 462 3740 lege
473 3649 619 3718 Cornelia
633 3653 832 3734 damnantur;
845 3653 1032 3724 Marcellum
1044 3654 1195 3720 memoria
1206 3655 1364 3720 maiorum

247 3789 249 3793 -
335 3758 366 3814 et
383 3769 492 3834 preces
506 3744 653 3812 Caesaris
669 3770 790 3832 poenae
808 3749 909 3836 magis
928 3767 1022 3832 quam
1040 3749 1188 3814 infamiae
1206 3770 1362 3812 exemere.

284 3863 315 3910 41
334 3842 467 3928 perculit
491 3841 519 3906 is
546 3841 613 3906 dies
633 3840 828 3927 Pompeium
854 3864 979 3926 quoque
1004 3843 1187 3920 Aelianum,
1214 3843 1363 3907 iuvenem

335 3935 555 4019 quaestorium,
574 3945 734 4018 tamquam
751 3935 940 4022 flagitiorum
956 3937 1091 4004 Fabiani
1107 3959 1249 4023 gnarum,
1269 3936 1363 4020 eique

334 4029 426 4094 Italia
443 4039 474 4094 et
487 4027 652 4114 Hispania,
671 4029 704 4094 in
721 4051 784 4113 qua
795 4039 882 4102 ‚ortus
901 4039 976 4108 crat,
995 4031 1193 4095 interdictum
1211 4039 1269 4093 est.
1291 4030 1364 4114 pari

335 4123 504 4206 ignominia
523 4123 666 4188 Valerius
684 4122 835 4188 Ponticus
854 4124 998 4201 afficitur,
1017 4123 1100 4208 quod
1119 4145 1197 4199 reos,
1216 4145 1257 4187 nc
1275 4123 1364 4208 apud
