3042 4956
411 433 618 494 ANNALIUM
634 432 927 490 uffl.x11.·25-3o.
1115 423 1179 490 209

151 529 267 581 soum

149 599 220 662 nius
229 597 355 682 legatus
369 591 536 658 auxiliares
545 589 728 677 Vangionas
742 612 779 657 ac
787 591 946 671 Nemetas,
961 593 1065 659 addito
1075 595 1179 679 equite

102 729 104 734 .
149 691 255 768 alerio,
274 688 413 754 monitos
431 696 466 750 ut
479 685 631 750 anteirent
643 685 842 771 populatores
861 687 911 751 vel
928 686 1057 773 dilapsis
1074 689 1180 774 inpro-

150 785 208 850 visi
226 781 565 849 circumfunderentur:
584 788 616 844 et
626 788 737 844 secuta
749 779 913 844 eonsilium
926 781 1014 846 ducis
1027 782 1181 847 industria

149 879 299 955 militum,
316 875 473 958 divisique
490 873 523 938 in
540 873 603 938 duo
620 873 756 959 agmina,
774 874 829 957 qui
845 873 970 939 laevum
987 875 1046 941 iter
1061 876 1181 961 petive-

149 981 227 1049 rant,
245 992 360 1036 recens
377 989 519 1034 reversos
532 967 710 1053 praedaque
727 988 784 1052 per
800 967 910 1032 luxum
927 989 1002 1033 usos
1020 979 1052 1033 et
1069 991 1180 1034 somno

150 1087 264 1152 graves
278 1064 525 1139 circumvenere;
543 1069 635 1126 aucta
651 1060 778 1138 laetitia,
796 1061 881 1145 quod
893 1063 1047 1145 quosdam
1060 1085 1078 1127 e
1091 1063 1180 1128 clade

149 1159 290 1226 Variana
307 1156 604 1242 quadragensimum
620 1164 694 1240 post
710 1178 828 1220 annum
845 1157 972 1221 servitio
990 1166 1179 1222 exemerunt.

149 1262 181 1318 at
196 1253 254 1337 qui
273 1251 391 1315 dextris
405 1260 436 1314 et
448 1249 645 1334 propioribus
659 1249 851 1335 compendiis
864 1250 971 1328 ierant,
991 1250 1084 1316 obvio
1098 1250 1181 1316 hosti
1198 1271 1231 1320 28

149 1356 179 1412 ct
196 1346 300 1410 aciem
313 1366 391 1408 auso
408 1343 479 1428 plus
497 1342 737 1437 cladislfaciunt,
756 1352 788 1407 et
804 1344 922 1429 praeda
938 1344 1085 1428 famaque
1103 1367 1181 1410 onu-

149 1440 190 1504 sti
207 1440 251 1504 ad
269 1447 408 1502 montem
426 1437 574 1501 Taunum
590 1447 800 1515 revertuntur,
823 1437 877 1503 ubi
894 1431 1090 1524 Pomponius
1108 1461 1180 1504 cum

148 1532 328 1620 legionibus
347 1530 578 1617 opperiebatur,
602 1532 629 1595 si
648 1530 756 1596 Chatti
774 1533 918 1618 cupidine
940 1533 1111 1599 ulciscendi
1129 1556 1181 1599 ca·

149 1651 221 1692 sum
238 1628 366 1712 pugnae
380 1625 578 1710 praeberent:
596 1626 642 1690 illi
658 1635 753 1704 metu,
772 1649 812 1691 ne
829 1626 903 1692 hino
915 1625 1088 1706 Romanus,
1106 1628 1180 1694 inde

150 1720 316 1797 Cherusci,
335 1742 407 1784 oum
424 1719 494 1804 quis
512 1721 878 1799 aeternumdiscordant,
897 1723 1181 1809 circumgrederen·

149 1826 209 1893 tur,
226 1816 350 1902 legatos
367 1815 401 1878 in
413 1813 523 1892 urbem
536 1825 568 1880 et
580 1814 707 1880 obsides
720 1816 848 1894 misere;
866 1816 1071 1900 decretusque
1084 1816 1181 1881 Pom·

148 1911 245 1996 p'onio
268 1907 464 1994 triumphalis
486 1909 601 1987 honos,
628 1905 751 1974 inodiea
772 1932 845 1994 pars
871 1910 975 1975 famae
1002 1911 1069 1976 eius
1096 1910 1181 1994 apud

148 2015 308 2090 posteros,
327 2004 450 2088 inquis
468 2004 641 2069 carminum
658 2003 760 2090 gloria
775 2004 945 2089 praecellit.

98 2133 107 2146 =
213 2099 379 2165 Paridem
397 2109 520 2184 tempus
533 2098 677 2164 Vannius
692 2097 807 2165 Suevis
825 2121 844 2164 a
857 2099 965 2164 Druso
979 2096 1116 2164 Caesare
1133 2097 1181 2161 in·
1198 2118 1230 2166 29

148 2194 272 2280 positus
285 2193 411 2279 pellitur
423 2215 529 2280 regno,
543 2193 645 2279 prima
657 2191 780 2278 imperii
792 2201 893 2258 aetate
907 2192 1009 2258 clarus
1019 2201 1182 2278 acceptus·

149 2310 211 2372 que
229 2287 448 2373 popularibus,
471 2309 547 2352 mox
568 2287 770 2352 diuturnitate
792 2287 824 2354 in
843 2287 1021 2372 superbiam
1043 2295 1179 2364 mutans,

149 2391 181 2446 ct
198 2381 271 2446 odio
290 2380 475 2458 accolarum,
495 2380 589 2445 simul
606 2380 787 2446 domesticis
804 2381 968 2446 discordiis
986 2381 1180 2446 circumven-

149 2485 216 2555 tus3
236 2483 378 2540 auctores
391 2474 479 2540 fuere
491 2473 638 2552 Vibilius,
657 2473 951 2541 Hermundurorum
964 2498 1029 2554 rex,
1048 2484 1081 2542 et
1093 2474 1181 2539 Van·

148 2569 203 2656 gio
226 2591 264 2634 aa
284 2567 376 2646 Sido,
401 2591 505 2634 sorore
527 2567 645 2634 Vannii
665 2569 772 2655 geniti.
799 2593 858 2635 neo
880 2569 1047 2648 Claudius,
1071 2591 1180 2653 quam-

149 2687 247 2747 quam
265 2685 360 2748 saepe
378 2673 493 2741 oratus,
512 2685 600 2728 arma
617 2662 806 2729 certantibus
825 2662 966 2731 barbaris
983 2664 1179 2748 interposuit,

148 2766 253 2821 tutum
267 2756 392 2822 Vannio
404 2756 584 2843 perfugium
596 2759 790 2843 promittens,
805 2760 832 2823 si
844 2759 1024 2844 pelleretur3
1043 2757 1181 2842 scripsit-

149 2872 213 2934 que
230 2848 385 2936 Palpellio
408 2849 532 2928 Histro,
555 2852 610 2934 qui
630 2851 827 2916 Pannoniam
849 2850 1060 2936 praesidebat,
1083 2849 1182 2934 legio·

148 2965 223 3008 nem
237 2944 369 3029 ipsaque
387 2967 405 3010 e
421 2945 583 3031 provincia
594 2946 676 3012 lecta
694 2945 810 3012 auxilia
827 2967 883 3030 pro
900 2945 969 3029 ripa
984 2963 1180 3028 componere,

150 3039 294 3104 subsidio
315 3040 406 3106 victis
428 3049 461 3105 et
481 3050 629 3106 terrorem
651 3041 801 3106 adversus
823 3039 972 3115 victores,
995 3059 1036 3100 ne
1057 3037 1183 3100 fortuna

152 3129 227 3194 elati
243 3143 383 3200 nostram
400 3157 525 3220 quoque
538 3157 649 3221 pacem
663 3134 833 3199 turbarent.
856 3155 930 3197 nam
943 3132 991 3196 vis
1009 3131 1181 3208 innumera,

151 3224 252 3309 Lygii
269 3224 409 3308 aliaeque
422 3242 533 3315 gentes
552 3228 772 3305 adventabant,
790 3227 876 3292 fama
889 3225 961 3291 ditis
979 3224 1078 3311 regni,
1097 3223 1183 3308 quod

152 3317 298 3382 Vannius
316 3319 443 3405 triginta
459 3345 516 3406 per
533 3345 632 3388 annos
654 3321 909 3409 praedationibus
928 3329 959 3386 et
976 3317 1182 3406 vectigalibus

153 3423 297 3477 auxerat:
315 3413 376 3498 ipsi
394 3437 505 3479 manus
523 3418 647 3500 propria
663 3417 794 3502 pedites,
814 3439 910 3500 eques
928 3438 946 3480 e
961 3413 1114 3481 Sarmatis
1131 3413 1183 3478 la·

153 3505 288 3592 zygibus
308 3516 388 3585 erat,
410 3507 513 3593 impar
534 3509 725 3575 multitudini
746 3510 900 3588 hostium,
925 3531 1024 3594 eoque
1047 3508 1182 3575 castellis
1269 3503 1275 3510 ’

154 3622 226 3665 sese
248 3600 412 3674 defensare
439 3601 617 3687 bellumque
643 3605 757 3670 ducere
779 3615 937 3672 statuerat.
970 3604 1027 3669 sed
1047 3603 1182 3686 Iazyges
1202 3618 1235 3666 uo

153 3692 326 3760 obsidionis
340 3695 537 3781 impatientes
553 3707 584 3762 et
596 3699 755 3784 proximos
768 3721 825 3785 per
838 3720 966 3782 campos
984 3697 1058 3781 vagi
1075 3715 1184 3758 neces·

154 3788 323 3854 situdinem
339 3811 466 3876 pugnae
484 3792 624 3870 attulere,
644 3794 718 3876 quia
733 3793 859 3880 Lygiur
877 3791 1183 3869 Hermundurusque

154 3881 218 3946 illic
239 3883 435 3969 ingruerant3
457 3886 553 3971 igitur
575 3887 741 3973 degressus
763 3887 899 3952 castellis
917 3882 1061 3950 Vannius
1080 3879 1184 3946 sundi-

155 3983 206 4039 tur
221 3978 354 4060 proelio,
378 4001 569 4064 quamquam
591 3981 686 4046 rebus
704 3980 860 4058 adversis,
883 3978 1028 4044 laudatus
1051 3975 1136 4060 quod
1153 3983 1184 4037 et

153 4089 294 4155 pugnam
312 4095 409 4137 manu
426 4075 574 4159 capessiit
595 4084 627 4139 et
645 4095 773 4158 corpore
792 4073 924 4138 adverso
946 4070 1076 4136 vulnera
1091 4087 1184 4132 exee-

154 4162 210 4247 pit.
238 4174 376 4232 ceterum
398 4167 439 4234 ad
461 4169 594 4235 classem
616 4169 648 4233 in
671 4167 821 4234 Danuvio
844 4167 1056 4252 opperientem
1077 4161 1183 4250 perfu-

209 4279 284 4327 Tucr'ti
293 4284 335 4327 rat.
347 4283 363 4328 l.
823 4310 828 4315 ·
973 4274 1011 4332 14
