3042 4956
417 464 949 525 ANuaL1un1nm.xu1.1v-ao.
1132 455 1196 522 235

165 575 185 613 p,
197 561 237 602 cn.
249 562 283 601 aa

165 631 292 705 domos,
316 625 407 692 villas
425 625 459 688 id
476 624 624 709 temporis
647 623 739 706 quasl
756 623 903 708 praedam
926 625 1120 703 divisissent;
1143 625 1195 690 alii

165 723 384 789 necessitatem
409 718 581 783 adhibitam
604 717 772 782 credebant
789 741 809 781 a
825 718 965 803 principe
988 720 1112 784 sceleris
1135 718 1196 784 sibi

165 817 293 883 conscio
311 825 343 880 et
361 812 484 878 veniam
503 822 661 897 sperante,
685 812 713 877 si
729 812 946 898 largitionibus
968 813 1195 878 validissimum

165 931 324 995 quemque
339 906 566 973 obstrinxisset.
589 915 622 970 at
637 906 745 970 matris
763 906 810 970 ira
826 905 913 970 nulla
926 905 1137 970 munificentia
1152 905 1197 969 le-

165 1006 238 1080 niri,
268 1004 326 1070 sed
349 1000 495 1086 amplecti
514 998 694 1076 Octaviam,
722 999 831 1065 erebra
852 1021 924 1063 cum
946 999 1054 1066 amicis
1078 1007 1197 1064 secreta

165 1099 294 1174 habere,
314 1118 408 1180 super
425 1094 595 1180 ingenitam
609 1093 771 1159 avaritiam
785 1094 922 1177 undique
939 1094 1088 1180 pecunias
1106 1092 1197 1176 quasi

166 1193 199 1256 in
222 1189 401 1256 subsidium
424 1187 607 1272 corripienst
634 1186 775 1253 tribunos
798 1196 830 1252 et
852 1187 1046 1254 centuriones
1068 1187 1197 1252 comiter

166 1286 328 1369 excipere3
351 1281 479 1346 nomina
496 1290 527 1345 et
545 1281 676 1346 virtutes
692 1280 857 1358 nobilium,
876 1280 932 1365 qui
948 1282 1042 1346 etiam
1059 1289 1126 1345 tum
1144 1302 1197 1345 su-

165 1386 322 1464 pererant,
341 1375 374 1440 in
391 1374 508 1439 honore
521 1374 646 1451 habere,
665 1373 756 1457 quasi
773 1384 935 1458 quaereret
947 1375 1060 1440 ducem
1078 1384 1109 1439 et
1125 1396 1197 1458 par-

167 1484 230 1548 tes;
254 1469 416 1555 cognitum
438 1467 470 1531 id
486 1467 618 1544 Neroni,
642 1467 853 1552 excubiasque
875 1468 1038 1546 militares,
1061 1490 1142 1552 quae
1160 1477 1196 1531 ut

167 1564 296 1649 coniugi
312 1561 507 1648 imperatoris
526 1561 662 1638 solitum,
681 1571 710 1628 et
727 1562 818 1629 matri
836 1561 1048 1640 servabantur,
1067 1570 1098 1628 et
1116 1558 1197 1627 Ger-

166 1681 280 1724 manos
297 1679 398 1742 nuper
410 1657 543 1721 eundem
561 1655 757 1722 inhonorem
771 1657 916 1722 custodes
930 1658 1051 1723 additos
1070 1655 1196 1744 degredi
1263 1683 1267 1690 ·

166 1752 269 1830 iubet3
288 1774 326 1816 ac
342 1772 382 1815 ne
401 1759 492 1815 coetu
504 1750 706 1814 salutantium
723 1750 980 1836 frequentaretur,
1000 1761 1124 1837 separat
1141 1751 1197 1815 do-

166 1871 256 1911 mum
278 1855 471 1928 matremque
494 1844 641 1908 transfert
656 1844 691 1908 in
712 1866 782 1910 eam
804 1867 884 1928 quae
902 1845 1060 1910 Antoniae
1083 1845 1194 1919 fuerat,

167 1940 313 2024 quotiens
335 1939 403 2024 ipse
426 1937 500 2002 illuc
519 1936 696 2014 ventitaret,
720 1947 848 2024 saeptus
867 1937 959 2003 turba
980 1938 1195 2002 centurionum

167 2044 199 2098 et
217 2043 290 2119 post
308 2033 403 2098 breve
420 2030 562 2096 osculum
580 2031 768 2117 digrediens.

232 2125 318 2190 Nihil
327 2147 431 2190 rerum
444 2125 621 2189 mortalium
632 2135 695 2189 tam
708 2123 854 2190 instabile
869 2146 906 2188 ac
916 2124 1035 2187 fluxum
1045 2131 1092 2186 est
1101 2143 1196 2205 quam
1216 2147 1246 2194 19

166 2221 255 2286 fama
267 2221 424 2305 potentiae
442 2243 505 2283 non
523 2243 580 2284 sua
597 2221 629 2284 vi
647 2219 750 2286 nixae:
770 2220 874 2284 statim
891 2220 1033 2284 relictum
1046 2217 1197 2304 Agrippi-

166 2337 228 2380 nae
244 2315 354 2391 limen3
377 2336 469 2378 nemo
488 2315 595 2392 solari,
617 2335 710 2380 nemo
729 2314 813 2378 adire
831 2323 954 2398 praeter
970 2335 1088 2398 paucas
1106 2313 1197 2379 femi·

166 2431 240 2486 nas,
259 2430 365 2474 amore
383 2431 424 2472 an
442 2409 512 2473 odio
530 2409 674 2487 incertas,
694 2432 733 2473 ex
751 2409 865 2492 quibus
884 2418 950 2474 erat
966 2409 1059 2472 Iunia
1078 2407 1195 2487 Silana,

166 2525 263 2586 quam
289 2503 486 2567 matrimonio
510 2502 548 2568 O.
573 2501 644 2568 Silii
670 2527 690 2570 a
712 2503 886 2568 Messalina
911 2503 1075 2589 depulsam
1101 2526 1197 2588 supra

166 2596 286 2672 rettuli,
304 2596 436 2682 insignis
454 2619 582 2684 genere,
601 2596 716 2675 forma,
735 2598 863 2664 lascivia
881 2607 912 2662 et
928 2597 1124 2684 Agrippinae
1142 2597 1196 2662 diu

166 2713 310 2776 percara,
334 2713 408 2756 mox
430 2692 559 2756 occultis
574 2693 663 2758 inter
685 2715 738 2758 eas
760 2693 999 2770 offensionibus,
1023 2694 1097 2776 quia
1116 2691 1197 2760 Sex-

167 2785 247 2850 tium
263 2783 466 2864 Africanum,
489 2785 626 2852 nobilem
643 2787 802 2867 iuvenem,
825 2811 845 2853 a
863 2788 978 2872 nuptiis
999 2787 1125 2852 Silanae
1143 2788 1197 2851 de-

167 2887 320 2943 terruerat
336 2876 528 2965 Agrippina,
551 2880 732 2964 inpudicam
754 2891 785 2946 et
801 2892 982 2967 vergentem
1000 2883 1089 2946 annis
1108 2881 1197 2945 dicti-

167 2983 254 3049 tans,
277 2995 340 3036 non
358 2983 392 3038 ut
409 2973 596 3038 Africanum
620 2974 680 3040 sibi
702 2983 879 3060 reponeret,
904 2974 1016 3038 sedne
1035 2973 1147 3057 opibus
1166 2981 1198 3036 et

168 3066 302 3130 orbitate
317 3064 443 3132 Silanae
457 3068 586 3134 maritus
599 3079 772 3155 poteretur:
791 3068 853 3144 illa,
873 3089 929 3152 spe
943 3066 1067 3130 ultionis
1082 3065 1195 3140 oblata,

167 3169 259 3244 parat
276 3170 472 3228 accusatores
486 3185 527 3226 ex
541 3161 705 3227 clientibus
721 3161 795 3239 suis,
815 3161 948 3226 Iturium
967 3169 997 3223 et
1012 3157 1195 3234 Calvisium,

168 3276 233 3318 non
250 3265 357 3320 vetera
378 3264 409 3319 et
431 3255 556 3341 saepius
578 3257 642 3322 iam
664 3257 771 3321 audita
792 3255 933 3320 deferens
939 3302 948 3332 ‚
972 3253 1056 3336 quod
1072 3251 1197 3316 Britan-

168 3348 232 3412 nici
249 3359 382 3414 mortem
403 3349 525 3436 lugeret
542 3361 597 3416 aut
615 3349 769 3417 Octaviae
790 3349 919 3414 iniurias
942 3348 1116 3434 evulgaret,
1141 3346 1197 3411 sed

168 3442 377 3508 destinavisse
399 3466 469 3508 eam
486 3445 668 3509 Rubellium
685 3444 847 3522 Plautum,
870 3466 926 3530 per
946 3453 1119 3508 maternam
1136 3441 1197 3508 ori·

168 3536 275 3622 ginem
296 3537 365 3620 pari
382 3560 419 3602 ac
436 3538 520 3604 Nero
537 3540 639 3626 gradu
657 3563 676 3604 a
693 3539 766 3604 divo
784 3538 947 3626 Augusto,
971 3540 1079 3603 adres
1097 3559 1195 3602 novas

169 3629 317 3694 extollere
340 3632 548 3717 coniugioque
571 3632 638 3698 eius
662 3642 692 3697 et
713 3633 777 3698 iam
798 3634 928 3718 imperio
950 3631 1195 3716 rempublicam

167 3745 277 3788 rursus
299 3723 462 3790 invadere:
484 3726 563 3791 haec
584 3726 702 3792 Iturius
725 3737 756 3791 et
774 3726 932 3793 Calvisius
950 3724 1105 3799 Atimeto,
1128 3721 1197 3784 Do-

167 3815 288 3892 mitiae,
306 3817 440 3884 Neronis
459 3821 586 3897 amitae,
604 3820 730 3898 liberto,
750 3820 901 3904 aperiunt,
920 3818 974 3900 qui
991 3817 1092 3880 laetus
1111 3813 1196 3877 obla-

168 3910 208 3973 tis
218 3949 259 3957 -
269 3911 386 3998 quippe
403 3914 484 3978 inter
496 3914 705 4000 Agrippinam
719 3923 750 3977 et
764 3913 937 3977 Domitiam
950 3909 1074 3973 infensa
1091 3928 1196 3972 aernu-

167 4006 243 4072 latio
256 4010 460 4075 exercebatur
472 4050 513 4058 -
522 4011 669 4076 Paridem
682 4008 875 4083 histrionem,
889 4005 1035 4070 libertum
1049 4010 1079 4066 et
1091 4001 1195 4086 ipsum

167 4101 339 4182 Domitiae,
358 4105 482 4190 impulit
499 4106 543 4170 ire
560 4125 691 4191 propere
707 4101 885 4184 crimenque
904 4097 1047 4163 atrociter
1063 4095 1193 4160 deferre.

232 4197 389 4264 Provecta
406 4223 470 4265 nox
488 4209 553 4266 erat
575 4209 606 4265 et
622 4197 740 4264 Neroni
761 4219 817 4282 per
834 4191 1034 4261 vinolentiam
1053 4190 1195 4258 traheba·
1213 4212 1245 4259 ro
