2960 4962
334 455 394 522 162
679 461 863 519 CORNELII
877 459 1012 515 TACITI

1196 561 1210 591 a
1228 563 1250 591 u.
1260 553 1305 593 ιιι.
1316 553 1372 593 rso.

242 665 247 678 ·
332 637 414 692 teras
433 623 567 700 Caesar,
590 621 712 687 modice
730 619 889 686 tribunum
910 619 1089 704 increpans,
1112 620 1260 706 igmarum
1283 622 1372 686 anti-

331 721 386 805 qui
403 719 500 784 moris
518 717 559 783 ob
576 717 750 781 iuventam:
771 711 864 780 Gallo
883 711 1092 798 exprobrabat
1109 714 1194 798 quod
1214 714 1370 780 scientiae

333 811 652 894 caerimoniarumque
670 818 723 874 vet
723 831 761 874 us
710 808 902 873 tincerto
920 815 1061 885 auctore,
1084 818 1156 872 ante
1175 808 1369 873 sententiam

333 906 467 1017 collegii,
485 928 558 983 non,
576 913 612 969 ut
629 902 759 979 adsolet,
778 901 859 967 lecto
877 922 934 986 per
950 901 1119 987 magistros
1134 901 1369 988 aestimatoque

334 1001 486 1078 carmine,
505 998 589 1110 apud
606 996 835 1081 infrequentem
853 1003 997 1060 senatum
1015 995 1141 1082 egisset.
1166 995 1261 1060 simul
1279 1019 1369 1062 com·

200 1153 209 1162 .
334 1094 511 1172 monefecit,
530 1093 604 1178 quia
621 1091 719 1156 mrdta
735 1111 818 1155 rana
835 1089 895 1155 sub
911 1090 1038 1155 nominc
1056 1078 1172 1155 celebri
1188 1090 1369 1176 vulgaban-

335 1200 399 1266 tur,
418 1189 562 1256 sanxisse
580 1187 777 1274 Augustum,
800 1205 896 1270 quem
916 1186 999 1252 intra
1021 1185 1105 1251 diem
1127 1187 1167 1251 ad
1184 1196 1367 1272 praetorem

335 1283 490 1350 urbanum
499 1282 702 1359 deferrentur,
716 1301 817 1364 neque
826 1278 942 1345 habere
950 1280 1096 1365 privatim
1109 1279 1226 1346 liceret.
1245 1283 1333 1364 quod
1345 1305 1367 1346 a

334 1377 505 1443 maioribus
515 1397 639 1461 quoque
648 1376 807 1440 decretum
816 1383 884 1438 erat
891 1385 963 1459 post
973 1383 1120 1439 exustum
1131 1372 1255 1460 [sociali
1264 1375 1363 1462 bello]

336 1471 541 1557 Capitolium,
564 1470 714 1552 quaesitis
734 1466 845 1546 Samo,
868 1467 942 1546 Ilio,
960 1467 1121 1555 Erythris,
1144 1491 1201 1554 per
1217 1468 1363 1535 Africam

335 1565 428 1630 etiam
446 1583 484 1629 ac
500 1561 640 1628 Siciliam
659 1572 690 1626 et
702 1561 830 1627 Italicas
849 1563 986 1628 colonias
1005 1563 1195 1628 carminibus
1209 1561 1361 1650 Sibyllae,

335 1681 398 1724 una
416 1679 473 1722 seu
489 1657 595 1744 plures
613 1655 711 1733 fuere,
729 1655 866 1740 datoque
880 1655 1094 1723 sacerdotibus
1107 1658 1245 1745 negotio,
1265 1681 1364 1743 quan-

335 1762 402 1817 tum
418 1751 557 1816 humana
574 1771 634 1837 ope
651 1750 841 1836 potuissent,
860 1773 935 1816 vcra
952 1751 1138 1818 discernere.
1173 1752 1272 1838 igitur
1290 1762 1364 1818 tunc

335 1867 459 1931 quoque
476 1845 595 1910 notioni
612 1842 922 1929 quindecimvirum
912 1869 940 1911 rs
957 1844 1037 1910 liber
1054 1843 1215 1912 subicitur.

286 1953 316 2002 ιι
398 1940 506 2006 Isdem
524 1938 705 2006 oonsulibus
727 1939 881 2025 gravitate
903 1961 1045 2005 annonae
1067 1938 1155 2005 iuxta
1177 1941 1364 2007 seditionem

280 2021 322 2068 ‘¹³'
336 2046 411 2101 vent
412 2058 478 2114 um,
501 2035 662 2120 multaque
680 2043 711 2099 et
727 2033 833 2120 plures
855 2055 913 2119 per
934 2033 1033 2099 dies
1024 2057 1057 2098 ιιι
1079 2034 1200 2100 theatro
1217 2035 1364 2102 licentius

336 2130 611 2217 efflagitataquam
627 2129 754 2194 solitum
764 2127 953 2192 adversum
944 2137 1173 2214 imperatorem.
1191 2130 1264 2213 quis
1279 2153 1365 2196 com-

336 2233 440 2289 motus
458 2223 614 2288 incusavit
636 2223 838 2308 magistratus
859 2230 1028 2306 patresque
1046 2223 1131 2306 quod
1152 2245 1216 2288 non
1237 2224 1366 2309 publica

337 2317 518 2381 auctoritate
544 2314 697 2402 populum
723 2314 949 2393 coercuissent,
977 2316 1158 2399 addiditque
1180 2317 1299 2400 quibus
1326 2341 1365 2384 ex

335 2410 503 2496 provinciis
522 2417 553 2474 et
570 2417 687 2493 quanto
704 2409 855 2474 maiorem
873 2431 968 2493 quam
976 2409 1144 2497 Augustus
1162 2412 1207 2475 rei
1225 2410 1366 2476 frumen-

336 2503 432 2568 tariae
450 2502 573 2587 copiam
596 2503 784 2568 adventaret.
815 2503 860 2568 ita
882 2504 1083 2590 castigandae
1105 2502 1190 2590 plebi
1208 2507 1367 2593 composi-

335 2607 402 2662 tum
425 2607 553 2661 senatus
575 2595 753 2662 constdtum
774 2599 879 2683 prisca
901 2601 1078 2677 severitate,
1110 2621 1212 2684 neque
1235 2602 1365 2688 segnius

299 2732 302 2738 ,
336 2691 480 2756 consules
498 2690 634 2756 edidere.
666 2691 758 2756 silent
746 2692 826 2766 tium
843 2692 943 2778 ipsius
961 2715 1025 2759 non
1043 2694 1149 2772 civile,
1171 2704 1207 2759 ut
1225 2697 1366 2761 credide-

336 2793 393 2863 rat,
413 2784 495 2849 sed
486 2807 520 2849 ιιι
538 2782 716 2869 superbiam
735 2784 956 2871 accipiebatur.

287 2889 320 2937 ιο
401 2879 480 2944 Fine
498 2902 572 2944 anm
562 2876 770 2957 'Geminius,
791 2879 919 2960 Celsus,
946 2882 1132 2969 Pompeius,
1160 2884 1281 2968 equites
1300 2884 1366 2950 Ro-

282 2957 301 3007 ¹¹
304 2955 438 3054 ⁴'mani,
469 2973 610 3040 cecidere
632 2973 853 3041 coniurationis
876 2977 1018 3056 crimine;
1046 2999 1086 3041 ex
1108 2978 1178 3062 quis
1198 2974 1365 3043 Geminius

337 3070 534 3158 prodigentia
555 3091 651 3155 opum
673 3091 710 3136 ac
731 3069 863 3135 mollitia
879 3071 961 3135 vitae
985 3072 1104 3136 amicus
1129 3070 1261 3151 Seiano,
1287 3073 1368 3136 nibil

339 3166 379 3230 ad
402 3165 526 3231 serium.
559 3177 591 3229 et
612 3164 712 3230 Iulius
731 3162 846 3231 Celsus
873 3164 1047 3230 tribunus
1038 3187 1072 3230 ιιι
1094 3165 1205 3230 vinclis
1227 3166 1367 3231 laxatam

338 3267 480 3324 catenam
498 3267 530 3323 et
551 3258 775 3324 circumdatam
797 3259 830 3324 in
848 3259 1007 3326 diversum
1029 3260 1161 3326 tendens¹
1184 3282 1274 3326 suam
1295 3260 1367 3347 ipse

338 3352 492 3416 cervicem
508 3351 676 3437 perfregit.
693 3361 726 3417 at
742 3353 863 3419 Rubrio
880 3353 1017 3432 Fabato,
1040 3363 1201 3439 tamquam
1219 3354 1367 3439 despera-

338 3443 378 3506 tis
395 3441 491 3506 rebus
508 3441 661 3509 Romanis
683 3443 874 3511 Parthorum
900 3448 942 3513 ad
964 3448 1209 3514 misericordiam
1231 3447 1365 3534 fugeret,

337 3535 484 3600 custodes
503 3535 615 3601 additi·
634 3559 710 3602 sane
727 3539 755 3602 is
772 3550 914 3625 repertus
933 3543 1018 3628 apud
1039 3542 1154 3608 fretum
1174 3539 1300 3608 Siciliae
1317 3563 1368 3606 rc-

338 3636 518 3714 tractusque
535 3651 592 3715 per
614 3631 827 3696 centurionem
844 3635 947 3701 nullas
969 3635 1149 3746 probabiles
1168 3657 1280 3700 causas
1298 3635 1368 3700 lon·

338 3723 474 3813 ginquae
496 3724 755 3812 peregrinationis
778 3727 955 3808 adferebat3
981 3730 1098 3796 mansit
1120 3739 1225 3794 tamen
1246 3729 1368 3794 incolu-

339 3820 410 3898 mis,
428 3818 584 3886 oblivione
602 3819 704 3907 magis
721 3842 816 3904 quam
834 3778 1009 3889 clemedtia.

289 3923 319 3972 21
405 3912 478 3981 San.
497 3911 623 3993 Graes,
649 3914 691 3980 L.
712 3912 815 3982 Suam
838 3916 1020 3984 consulibus
1043 3918 1099 3986 diu
1120 3917 1264 4002 quaesito
1285 3937 1366 4000 quos

284 3991 489 4118 ¹⁶'ncptibus
505 4009 571 4076 suis
588 4009 717 4075 maritos
739 4008 909 4076 destinaret
927 4011 1060 4089 Caesar,
1083 4021 1252 4098 postquam
1269 4011 1368 4075 insta·

339 4099 440 4166 bat'
410 4101 568 4188 virginum
585 4113 682 4181 aetas,
701 4104 742 4169 L.
763 4103 921 4184 Cassium,
939 4104 987 4170 M.
1006 4105 1168 4172 Vinicium
1185 4103 1273 4190 legit.
1309 4101 1368 4168 Vi-

339 4192 421 4258 nicio
439 4196 631 4280 oppidanum
652 4219 767 4284 genus:
796 4199 927 4267 Calibus
949 4209 1051 4279 ortus,
1077 4209 1167 4285 patre
1189 4208 1284 4282 atque
1307 4219 1368 4262 avo
