2958 4960
420 434 629 494 ANNALIUM
646 433 864 489 muln-o.
1110 425 1154 488 45

140 543 165 581 p.
176 529 210 570 ca
219 531 248 568 ta

138 597 238 683 specie
250 594 401 660 amicitiae
414 593 574 669 inlectum,
587 591 662 656 dein
674 593 793 658 catenis
805 603 978 671 oneratum,
994 604 1153 680 postremo

136 689 340 766 interfecerat3
358 688 427 752 eius
444 685 698 770 libusArtaxias,
715 687 866 752 memoria
881 687 1063 848 patriam
996 687 1088 754 nobis
1104 689 1153 753 in-

136 787 255 863 fensus,
280 783 507 849 Arsacidarum
536 782 569 846 vi
594 803 692 868 seque
719 791 1063 869 regnumquetutatus

135 882 238 946 occiso
253 878 386 944 Artaxia
401 900 460 964 per
476 877 583 942 dolum
599 878 855 964 propinquorum,
873 878 965 943 datus
983 901 1003 942 a
1016 877 1154 944 Caesare

135 974 290 1040 Armeniis
308 973 464 1059 Tigranes
482 972 724 1056 deductusque
714 995 747 1036 m
762 995 897 1058 regnum
914 995 935 1037 a
951 971 1080 1038 'Ilberio
1091 973 1157 1038 Ne-

134 1091 222 1146 rone3
239 1089 296 1132 nec
314 1067 448 1152 Tigrani
464 1065 675 1130 diuturnum·
665 1067 833 1152 rmperium
850 1066 911 1130 fuit
926 1087 1030 1150 neque
1045 1065 1154 1132 liberis

136 1163 216 1240 eius,
239 1183 431 1247 quamquam
456 1159 582 1225 sociatis
607 1182 694 1225 more
720 1170 849 1225 externo
868 1161 903 1225 in
923 1160 1155 1225 matrimonium

133 1279 344 1344 regnumque·
335 1255 469 1320 ·dein
459 1277 551 1320 russn
565 1253 707 1341 Augusti
726 1255 882 1340 inpositus
903 1253 1100 1320 Artavasdes
1122 1265 1188 1323 ett

135 1374 197 1415 non
213 1351 278 1415 sine
296 1349 386 1414 clade
402 1357 512 1414 nostra
527 1349 682 1426 deiectus;
699 1359 767 1413 tum
780 1347 819 1414 G.
829 1347 950 1414 Caesar
966 1369 1155 1434 componen-

135 1445 193 1510 dae
209 1444 378 1509 Armeniae
395 1443 555 1529 deligitur:
572 1443 860 1521 isAriobarzanen,
878 1444 997 1530 origine
1009 1442 1153 1521 Medum,

135 1537 177 1603 ob
189 1539 343 1625 insignem
356 1538 493 1623 corporis
506 1537 640 1602 formam
653 1547 685 1601 et
696 1537 890 1623 praeclarum
898 1539 1037 1602 animum
1045 1537 1154 1602 volen-

132 1632 213 1698 tibus
229 1632 392 1697 Armeniis
413 1631 574 1717 praefeeit.
599 1629 815 1696 Ariobarzane
836 1642 936 1697 morte
952 1632 1081 1696 fortuita
1097 1631 1154 1696 ab·
1187 1641 1195 1654 '

133 1739 253 1814 sumpto
271 1728 403 1813 stirpem
419 1727 488 1791 eius
510 1725 596 1791 haud
617 1725 802 1805 toleravere3
828 1735 1042 1812 temptatoque
1062 1727 1154 1791 femi·

131 1844 189 1886 nae
204 1822 350 1908 imperio,
368 1821 420 1886 cui
435 1843 552 1886 nomen
567 1820 681 1899 Erato,
699 1843 799 1905 eaque
815 1820 903 1886 brevi
919 1820 1026 1905 pulsa,
1043 1821 1153 1885 incerti

132 1915 284 2000 solutique
306 1926 339 1980 et
355 1915 458 2001 magis
481 1915 550 1980 sine
570 1915 697 1980 domino
713 1937 810 1999 qnam
831 1915 866 1979 in
886 1913 1029 1978 libertate
1045 1914 1155 1998 profu-

131 2033 205 2095 gum
221 2010 379 2076 Vononen
396 2010 430 2073 in
446 2031 579 2096 regnum
596 2009 768 2094 accipiunt:
791 2008 848 2072 sed
865 2006 920 2072 ubi
937 2006 1075 2070 minitari
1091 2005 1155 2069 Ar-

131 2103 260 2169 tabanus
284 2113 316 2169 et
337 2125 449 2189 parum
473 2103 605 2168 subsidii
626 2103 660 2167 in
681 2101 843 2166 Armeniis
864 2100 926 2177 vel,
953 2099 982 2163 si
997 2107 1107 2163 nostra
1121 2099 1155 2162 vi

131 2197 362 2275 defenderetur,
389 2196 508 2262 bellum
532 2197 684 2262 adversus
709 2194 846 2260 Parthos
868 2191 1055 2259 sumendum
1077 2201 1153 2269 erat,

130 2301 228 2356 rector
246 2289 360 2376 Syriae
383 2289 528 2356 Creticus
547 2289 675 2356 Silanus
698 2289 837 2354 excitum
858 2287 1002 2354 custodia
1022 2287 1155 2352 circum

132 2385 191 2464 dat,
216 2395 366 2450 manente
391 2385 469 2449 luxu
494 2394 526 2449 et
541 2386 630 2472 regio
654 2384 795 2463 nomine;
820 2384 906 2468 quod
927 2381 1097 2447 ludibrium
1118 2390 1154 2446 ut

132 2478 268 2565 effugere
286 2479 451 2565 agitaverit
471 2471 631 2556 Vonones,
649 2479 683 2542 in
700 2479 770 2544 loco
787 2479 964 2543 reddemus.

191 2573 344 2638 Ceterum
369 2572 497 2638 Tiberio
522 2573 607 2637 haud
631 2573 790 2658 ingratum
819 2573 932 2637 accidit
958 2569 1077 2635 turbari
1101 2590 1187 2637 resa

132 2663 282 2744 Orientis,
300 2675 337 2729 ut
354 2687 392 2730 ea
409 2666 513 2750 specie
526 2663 751 2730 Germanicum
768 2665 865 2730 suetis
882 2663 1060 2752 legionibus
1078 2663 1153 2729 abs-

131 2761 263 2825 traheret
285 2760 437 2843 novisque
458 2759 627 2845 provinciis
648 2759 829 2844 impositum
846 2759 920 2825 dolo
942 2759 1036 2824 simul
1053 2767 1085 2823 et
1101 2779 1154 2822 ca-

132 2853 215 2920 sibus
242 2853 422 2919 obiectaret
453 2853 577 2931 atille,
603 2863 721 2936 quanto
746 2854 865 2919 acriora
889 2854 924 2918 in
949 2875 1023 2918 eum
1049 2851 1154 2938 stpdia

131 2947 262 3011 militum
280 2957 312 3011 et
329 2967 440 3012 aversa
455 2946 559 3032 patrui
574 2946 730 3024 voluntas,
749 2947 932 3012 celerandae
944 2945 1093 3010 victoriae
1105 2945 1155 3008 in-

131 3041 249 3118 tentior,
269 3049 400 3104 tractare
417 3039 606 3125 proeliorum
623 3041 691 3106 vias
713 3051 746 3105 et
762 3061 843 3124 quac
866 3039 927 3104 sibi
944 3039 1070 3103 tertium
1091 3038 1154 3102 iam

131 3156 245 3198 annum
272 3132 467 3219 belligeranti
488 3155 584 3199 saeva
603 3134 655 3198 vel
676 3155 828 3219 prospera
845 3132 1037 3197 evenissent:
1063 3129 1155 3195 fundi

132 3223 307 3292 Germanos
333 3228 400 3292 acie
427 3237 458 3292 et
481 3228 573 3293 iustis
598 3228 691 3307 locis,
718 3227 819 3292 iuvari
845 3225 947 3303 silvis,
974 3223 1153 3311 paludibus,

130 3319 215 3386 brevi
240 3331 360 3386 aestate
386 3332 418 3386 et
437 3332 636 3407 praematma
656 3323 774 3401 bieme3
802 3343 895 3386 suum
915 3320 1046 3385 militem
1068 3320 1154 3385 haud

130 3415 257 3498 perinde
282 3414 463 3481 vulneribus
489 3437 585 3500 quam
606 3416 715 3502 spatiis
732 3417 892 3493 itinerum,
919 3415 1034 3480 damno
1051 3437 1154 3479 armo-

130 3530 196 3572 rum
214 3508 322 3586 adfici3
340 3509 442 3574 fessas
457 3506 577 3576 Gallias
595 3511 808 3576 ministrandis
826 3511 914 3594 equis
920 3536 930 3589 3
947 3510 1078 3597 longum
1095 3510 1154 3574 im-

130 3602 378 3684 pedimentorum
395 3624 510 3688 agmen
527 3613 716 3689 oportunum
737 3606 778 3669 ad
798 3605 938 3681 insidias,
962 3604 1154 3669 defensanti-

131 3692 187 3760 bus
204 3695 363 3780 iniqnum:
390 3707 424 3761 at
441 3697 469 3760 si
485 3719 572 3762 mare
589 3699 728 3776 intratam,
746 3709 924 3785 promptam
935 3698 1014 3783 ipsis
1027 3719 1154 3782 posses-

132 3788 250 3854 sionem
266 3799 299 3854 et
315 3789 459 3856 hostibus
471 3791 625 3878 ignotam3
644 3792 737 3857 simul
753 3793 871 3858 bellum
883 3790 1035 3855 maturius
1047 3787 1152 3874 incipi,

131 3879 330 3970 legionesque
348 3894 380 3948 et
397 3895 589 3950 commeatus
606 3887 721 3971 pariter
736 3886 809 3951 vehi
814 3911 824 3966 ;
841 3886 998 3970 integrum
1016 3882 1153 3965 equitem

131 3995 290 4061 equosque
307 3999 364 4063 per
381 4000 436 4043 ora
457 3988 489 4043 et
505 3979 612 4045 alveos
630 3979 793 4044 fluminum
809 3979 914 4044 media
930 3978 964 4042 in
983 3973 1154 4044 Germania

132 4069 202 4136 lore.
233 4072 332 4158 igitur
349 4071 411 4138 huc
432 4072 577 4152 intendit:
603 4073 708 4138 missis
731 4073 772 4137 ad
789 4095 902 4139 census
921 4069 1095 4138 Galbanum
1112 4070 1151 4138 P.
1171 4084 1185 4132 6

132 4159 254 4232 Vitellio
282 4177 314 4232 et
338 4165 376 4232 O.
394 4165 494 4233 Antio
517 4165 615 4234 Silius
637 4175 669 4232 et
685 4165 820 4232 Anteius
843 4176 875 4234 et
897 4166 1035 4233 Caecina
1056 4165 1151 4232 sabti-
