2958 4960
397 467 604 526 ANNALIUM
622 467 697 524 LIB.
711 468 748 524 11.
767 471 886 525 'le-82.
1110 460 1151 526 ’Π

128 573 146 612 ρ.
156 558 194 600 cu
203 561 235 600 ιο,

127 629 275 694 tutissima
293 650 311 694 e
329 626 565 713 praesentibus,
590 626 646 692 sed
663 626 827 692 castellum
845 626 975 694 Ciliciae
996 630 1152 696 munitum

125 723 304 800 admodum,
328 723 383 787 cui
404 744 520 787 nomen
533 720 716 800 Celendris,
740 733 887 808 occupat3
909 745 984 788 nam
1005 725 1151 790 admixtis

124 817 332 884 desertoribus
356 826 389 882 et
410 816 508 882 tirone
529 839 631 900 nuper
650 816 822 902 intercepto
849 817 978 901 suisque
1005 828 1036 884 et
1056 818 1153 884 Plan-

123 912 206 978 cinae
233 911 371 978 servitiis
399 911 515 976 auxilia
538 909 674 975 Cilicum
699 932 780 994 quae
805 911 907 997 reguli
932 912 1094 991 miserant,
1119 912 1152 977 in

122 1029 286 1072 numerum
307 1004 442 1092 legionis
465 1013 696 1090 composuerat,
725 1003 935 1090 Caesarisque
957 1027 992 1070 sc
1012 1006 1152 1092 legatum

122 1100 295 1166 testabatur
311 1099 473 1186 provincia
491 1099 630 1183 quomis
648 1099 788 1164 dedisset
805 1099 917 1178 arceri,
936 1121 1000 1166 non
1018 1124 1037 1166 a
1053 1101 1153 1187 legio-

121 1194 208 1260 nibus
219 1216 384 1260 —earum
401 1193 518 1278 quippe
536 1193 638 1258 accitu
654 1193 761 1258 venire
773 1229 830 1271 .-,
850 1193 907 1259 sed
925 1217 944 1258 a
962 1191 1073 1260 Sentio
1089 1195 1154 1280 pri-

121 1299 226 1354 vatum
239 1288 351 1354 odium
364 1286 452 1352 falsis
466 1286 648 1352 criminibus
658 1296 796 1374 tegente:
811 1289 1016 1354 consisterent
1029 1289 1062 1354 in
1075 1290 1151 1367 acie,
1273 1286 1285 1304 “

121 1406 178 1449 nou
197 1381 389 1469 pugnaturis
406 1381 573 1459 militibus,
597 1379 651 1446 ubi
667 1380 820 1448 Pisonem
837 1382 877 1448 ab
895 1382 973 1469 ipsis
990 1393 1152 1468 parentem

120 1479 280 1562 quondam
296 1475 498 1563 appellatum,
518 1477 546 1542 si
562 1477 629 1542 iure
647 1486 800 1563 ageretur,
819 1477 981 1563 potiorem,
1001 1478 1028 1543 si
1046 1479 1151 1556 armis,

120 1595 180 1638 non
196 1571 375 1638 invalidum
388 1571 549 1636 vidissent.
572 1580 639 1636 tum
656 1593 714 1656 pro
730 1572 931 1638 munimentis
949 1573 1069 1638 castelli
1085 1596 1153 1638 ma-

119 1668 243 1754 nipulos
262 1667 413 1754 explicat,
432 1667 509 1732 colle
527 1669 625 1734 arduo
644 1677 675 1732 et
693 1667 839 1752 derupto;
862 1692 936 1733 nam
953 1676 1055 1734 cetera
1072 1668 1151 1734 mari

120 1763 301 1850 cingunmr3
321 1772 428 1826 contra
440 1761 579 1826 veterani
593 1761 754 1828 ordinibus
764 1784 810 1828 ae
827 1761 975 1828 subsidiis
993 1763 1151 1828 instructir

118 1857 190 1922 hinc
216 1856 367 1933 militum,
394 1856 468 1921 inde
492 1856 633 1922 locorum
655 1857 822 1943 asperitas,
849 1858 906 1923 sed
931 1879 995 1922 non
1017 1858 1150 1934 animus,

118 1975 179 2016 non
198 1973 288 2036 spes,
307 1972 348 2014 ne
366 1950 428 2014 tela
445 1951 573 2035 quidem
589 1950 651 2016 nisi
669 1951 819 2038 agrestia,
843 1951 884 2016 ad
902 1950 1041 2016 subitum
1058 1973 1150 2016 usum

117 2054 294 2131 properata.
316 2054 353 2108 ut
370 2067 483 2110 venere
500 2045 533 2110 iu
546 2067 668 2123 manus,
687 2068 751 2111 non
768 2046 850 2110 ultra
863 2043 1040 2110 dubitatum
1057 2065 1151 2128 quam

118 2140 194 2204 dum
214 2138 381 2205 Romanae
408 2139 550 2206 cohortes
576 2139 611 2204 in
636 2162 772 2224 aequum
798 2140 1001 2204 eniterentur:
1026 2147 1152 2204 vertunt

118 2243 207 2322 terga
226 2232 345 2299 Cilices
364 2255 461 2318 seque
478 2233 607 2300 castello
625 2233 785 2301 claudunt.

175 2328 315 2416 ‘Interim
331 2326 409 2394 Piso
427 2327 560 2394 classem
582 2328 668 2394 haud
688 2329 798 2414 procul
816 2328 1029 2417 opperientem
1051 2325 1151 2413 adpu-
1168 2345 1199 2395 81

118 2444 214 2508 gnare
232 2421 352 2487 frustra
369 2423 546 2508 temptavit3
568 2445 795 2510 regressusque
813 2434 845 2489 et
860 2446 918 2510 pro
940 2423 1038 2488 mmis
1056 2423 1150 2488 modo

119 2526 218 2582 semet
235 2516 439 2596 adflictando,
462 2518 557 2584 modo
576 2518 717 2604 singulos
735 2518 861 2584 nomine
879 2518 979 2597 ciens,
1002 2517 1150 2606 praemiis

118 2633 234 2676 vocans
254 2611 441 2678 seditionem
459 2612 638 2698 coeptabat,
660 2613 803 2698 adeoque
827 2622 1038 2682 commoverat
1055 2622 1091 2678 ut
1108 2612 1151 2678 si-

118 2705 221 2790 gnifer
247 2704 384 2791 legionis
410 2715 517 2772 sextae
539 2707 666 2794 signum
688 2707 729 2772 ad
755 2730 828 2774 eum
849 2707 1050 2773 transtulerit.
1082 2715 1149 2770 tum

120 2798 249 2865 Sentius
268 2821 420 2866 occanere
441 2823 559 2867 cornua
576 2801 732 2886 tubasque
754 2812 786 2868 et
802 2803 867 2888 peti
885 2824 1047 2889 aggerem,
1071 2799 1150 2886 erigi

119 2894 218 2958 scalas
236 2894 340 2972 iussit,
360 2917 398 2960 ac
413 2895 682 2983 promptissimum
700 2917 857 2982 quemque
875 2896 1052 2972 succedere,
1072 2894 1149 2960 alios

121 2988 284 3052 tormentis
298 2987 415 3067 hastas,
435 3013 513 3056 saxa
526 2999 558 3055 et
569 2991 656 3056 faces
670 2990 826 3078 ingerere:
844 2989 971 3055 tandem
984 2989 1067 3052 victa
1079 3009 1151 3072 per-

120 3082 233 3146 tinacia
253 3080 332 3147 Piso
353 3083 454 3148 oravit
476 3093 511 3148 ut
532 3084 654 3150 traditis
676 3084 772 3149 armis
795 3090 935 3148 maneret
956 3081 989 3146 in
1011 3080 1149 3156 castello,

120 3175 192 3240 dum
216 3173 339 3240 Caesar
361 3176 411 3242 cui
435 3175 561 3263 Syriam
585 3179 779 3264 permitteret
804 3175 986 3241 consulitur.
1016 3196 1081 3238 non
1101 3194 1151 3236 re-

121 3279 228 3356 ceptae
246 3271 452 3350 conditiones,
470 3293 529 3338 nec
546 3273 633 3340 aliud
650 3294 746 3357 quam
763 3293 861 3339 naves
880 3279 911 3336 et
928 3278 1030 3335 tutum
1047 3268 1081 3333 in
1098 3290 1150 3333 ur-

120 3362 188 3430 bem
205 3364 269 3430 iter
285 3386 470 3432 eoncessum
488 3377 546 3434 est.

177 3457 228 3524 At
245 3458 382 3538 Rornae,
404 3471 572 3547 postquam
592 3460 773 3529 Germanioi
795 3463 934 3529 valitudo
955 3460 1150 3548 percrebruit
1167 3479 1200 3528 82

122 3564 307 3638 cenamque,
331 3564 367 3620 ut
383 3578 423 3621 ex
439 3556 627 3644 longinquo,
650 3568 743 3624 aucta
759 3557 793 3622 in
809 3558 946 3623 deterius
964 3557 1150 3624 adfereban-

121 3657 180 3727 tur,
205 3649 310 3727 dolor,
333 3650 403 3729 ira3*
417 3660 449 3715 et
470 3651 676 3738 erumpebant
693 3661 837 3735 questus:
859 3652 931 3718 ideo
953 3653 1100 3718 nimirum
1117 3650 1158 3713 in

122 3753 274 3809 extremas
293 3753 391 3810 terras
408 3745 592 3832 relegatum,
611 3746 682 3812 ideo
694 3745 805 3812 Pisoni
821 3746 1007 3833 permissam
1024 3742 1151 3829 provin-

122 3836 213 3915 ciam;
230 3837 294 3902 hoo
311 3839 415 3924 egisse
434 3849 571 3905 secretos
588 3839 756 3927 Augustae
774 3863 846 3906 cum
862 3838 1016 3904 Plancina
1034 3857 1151 3900 sermo-

122 3951 188 4009 ues3
215 3953 293 3998 vera
313 3953 442 4018 prorsus
464 3934 505 4000 de
526 3933 635 4000 Druso
659 3935 797 4001 seniores
823 3932 959 3998 locutos:
986 3929 1150 4014 displicere
1172 3991 1175 3997 Α

121 4024 324 4110 regnantibus
342 4026 446 4093 civilia
463 4029 599 4096 filiorum
616 4029 756 4115 ingenia,
774 4047 877 4110 neque
895 4024 935 4091 ob
954 4023 1039 4089 aliud
1056 4023 1150 4089 inter-

123 4130 226 4204 ceptos
254 4140 350 4203 quam
376 4122 451 4205 quia
475 4123 628 4208 populum
649 4122 829 4188 Romanum
850 4141 952 4204 aequo
977 4118 1043 4184 iure
1065 4141 1150 4184 com-

122 4212 210 4295 plecti
227 4215 353 4283 reddita
364 4216 506 4284 libertate
520 4217 715 4305 agitaverint.
738 4216 799 4283 hos·
810 4214 898 4302 vulgi
916 4237 1076 4280 sermones
1094 4236 1147 4280 au·
