<?xml version="1.0" encoding="UTF-8"?>
<!DOCTYPE html PUBLIC "-//W3C//DTD XHTML 1.0 Transitional//EN"
    "http://www.w3.org/TR/xhtml1/DTD/xhtml1-transitional.dtd">
<html xmlns="http://www.w3.org/1999/xhtml" xml:lang="en" lang="en">
 <head>
  <title>
</title>
<meta http-equiv="Content-Type" content="text/html;charset=utf-8" />
  <meta name='ocr-system' content='tesseract 3.04.00' />
  <meta name='ocr-capabilities' content='ocr_page ocr_carea ocr_par ocr_line ocrx_word'/>
</head>
<body>
  <div class='ocr_page' id='page_1' title='image "./corneliitacitio00haasgoog_0338.png"; bbox 0 0 3020 4958; ppageno 0'>
   <div class='ocr_carea' id='block_1_1' title="bbox 188 443 1210 590">
    <p class='ocr_par' dir='ltr' id='par_1_1' title="bbox 188 443 1210 590">
     <span class='ocr_line' id='line_1_1' title="bbox 437 443 1210 508; baseline 0.006 -7"><span class='ocrx_word' id='word_1_1' title='bbox 437 447 642 504; x_wconf 76' lang='lat' dir='ltr'>ANNALlUlI</span> <span class='ocrx_word' id='word_1_2' title='bbox 660 448 734 502; x_wconf 91' lang='lat' dir='ltr'><strong>LIB.</strong></span> <span class='ocrx_word' id='word_1_3' title='bbox 750 449 827 505; x_wconf 86' lang='lat' dir='ltr'>XlV.</span> <span class='ocrx_word' id='word_1_4' title='bbox 847 451 964 506; x_wconf 82' lang='lat'>11-14.</span> <span class='ocrx_word' id='word_1_5' title='bbox 1149 443 1210 508; x_wconf 80' lang='grc'>261</span> 
     </span>
     <span class='ocr_line' id='line_1_2' title="bbox 188 540 304 590; baseline -0.017 -10"><span class='ocrx_word' id='word_1_6' title='bbox 188 553 208 590; x_wconf 75' lang='lat' dir='ltr'>p.</span> <span class='ocrx_word' id='word_1_7' title='bbox 219 540 260 580; x_wconf 85' lang='lat' dir='ltr'>cn.</span> <span class='ocrx_word' id='word_1_8' title='bbox 270 542 304 580; x_wconf 77' lang='lat' dir='ltr'>sa.</span> 
     </span>
    </p>
   </div>
   <div class='ocr_carea' id='block_1_2' title="bbox 174 605 1320 4266">
    <p class='ocr_par' dir='ltr' id='par_1_2' title="bbox 182 605 1214 1538">
     <span class='ocr_line' id='line_1_3' title="bbox 186 605 1211 693; baseline 0.004 -21"><span class='ocrx_word' id='word_1_9' title='bbox 186 611 249 674; x_wconf 90' lang='lat' dir='ltr'>lera</span> <span class='ocrx_word' id='word_1_10' title='bbox 266 605 503 672; x_wconf 89' lang='lat' dir='ltr'>continuaverit.</span> <span class='ocrx_word' id='word_1_11' title='bbox 531 615 669 670; x_wconf 90' lang='lat' dir='ltr'>ceterum</span> <span class='ocrx_word' id='word_1_12' title='bbox 687 629 750 689; x_wconf 92' lang='lat' dir='ltr'>quo</span> <span class='ocrx_word' id='word_1_13' title='bbox 771 617 916 693; x_wconf 88' lang='lat' dir='ltr'>gravaret</span> <span class='ocrx_word' id='word_1_14' title='bbox 933 609 1083 674; x_wconf 89' lang='lat' dir='ltr'>invidiam</span> <span class='ocrx_word' id='word_1_15' title='bbox 1104 613 1211 676; x_wconf 86' lang='lat' dir='ltr'>matris</span> 
     </span>
     <span class='ocr_line' id='line_1_4' title="bbox 186 699 1213 786; baseline 0.003 -21"><span class='ocrx_word' id='word_1_16' title='bbox 186 723 284 786; x_wconf 86' lang='lat' dir='ltr'>eaque</span> <span class='ocrx_word' id='word_1_17' title='bbox 302 700 429 764; x_wconf 91' lang='lat' dir='ltr'>demota</span> <span class='ocrx_word' id='word_1_18' title='bbox 446 708 570 764; x_wconf 78' lang='lat' dir='ltr'>auctam</span> <span class='ocrx_word' id='word_1_19' title='bbox 586 699 745 764; x_wconf 83' lang='lat' dir='ltr'>lenitatem</span> <span class='ocrx_word' id='word_1_20' title='bbox 760 723 852 766; x_wconf 86' lang='lat' dir='ltr'>suam</span> <span class='ocrx_word' id='word_1_21' title='bbox 871 703 1100 780; x_wconf 88' lang='lat' dir='ltr'>testificaretur,</span> <span class='ocrx_word' id='word_1_22' title='bbox 1122 705 1213 768; x_wconf 87' lang='lat' dir='ltr'>ferni-</span> 
     </span>
     <span class='ocr_line' id='line_1_5' title="bbox 186 792 1214 881; baseline 0.002 -21"><span class='ocrx_word' id='word_1_23' title='bbox 186 819 241 860; x_wconf 85' lang='lat' dir='ltr'>uas</span> <span class='ocrx_word' id='word_1_24' title='bbox 259 795 398 859; x_wconf 86' lang='lat' dir='ltr'>illustres</span> <span class='ocrx_word' id='word_1_25' title='bbox 414 792 539 856; x_wconf 90' lang='lat' dir='ltr'>Iuniam</span> <span class='ocrx_word' id='word_1_26' title='bbox 557 803 588 857; x_wconf 91' lang='lat' dir='ltr'>et</span> <span class='ocrx_word' id='word_1_27' title='bbox 607 792 825 879; x_wconf 83' lang='lat' dir='ltr'>Calpurniam,</span> <span class='ocrx_word' id='word_1_28' title='bbox 843 806 988 881; x_wconf 88' lang='lat' dir='ltr'>praetura</span> <span class='ocrx_word' id='word_1_29' title='bbox 1005 797 1129 862; x_wconf 86' lang='lat' dir='ltr'>functos</span> <span class='ocrx_word' id='word_1_30' title='bbox 1148 797 1214 862; x_wconf 85' lang='lat' dir='ltr'>Va-</span> 
     </span>
     <span class='ocr_line' id='line_1_6' title="bbox 184 885 1212 976; baseline 0.003 -24"><span class='ocrx_word' id='word_1_31' title='bbox 184 889 295 952; x_wconf 92' lang='lat' dir='ltr'>lerium</span> <span class='ocrx_word' id='word_1_32' title='bbox 319 886 506 971; x_wconf 83' lang='lat' dir='ltr'>Capitonem</span> <span class='ocrx_word' id='word_1_33' title='bbox 532 897 563 951; x_wconf 92' lang='lat' dir='ltr'>et</span> <span class='ocrx_word' id='word_1_34' title='bbox 584 887 744 953; x_wconf 87' lang='lat' dir='ltr'>Licinium</span> <span class='ocrx_word' id='word_1_35' title='bbox 767 885 926 954; x_wconf 90' lang='lat' dir='ltr'>Gabolum</span> <span class='ocrx_word' id='word_1_36' title='bbox 952 891 1079 954; x_wconf 89' lang='lat' dir='ltr'>sedibus</span> <span class='ocrx_word' id='word_1_37' title='bbox 1104 891 1212 976; x_wconf 88' lang='lat' dir='ltr'>patriis</span> 
     </span>
     <span class='ocr_line' id='line_1_7' title="bbox 184 980 1213 1068; baseline 0 -21"><span class='ocrx_word' id='word_1_38' title='bbox 184 983 334 1059; x_wconf 85' lang='lat' dir='ltr'>reddidit,</span> <span class='ocrx_word' id='word_1_39' title='bbox 357 981 397 1046; x_wconf 91' lang='lat' dir='ltr'>ab</span> <span class='ocrx_word' id='word_1_40' title='bbox 415 980 593 1066; x_wconf 85' lang='lat' dir='ltr'>Agrippina</span> <span class='ocrx_word' id='word_1_41' title='bbox 614 982 688 1046; x_wconf 90' lang='lat' dir='ltr'>olim</span> <span class='ocrx_word' id='word_1_42' title='bbox 706 981 829 1066; x_wconf 84' lang='lat' dir='ltr'>pulsos3</span> <span class='ocrx_word' id='word_1_43' title='bbox 853 985 947 1048; x_wconf 89' lang='lat' dir='ltr'>etiam</span> <span class='ocrx_word' id='word_1_44' title='bbox 964 985 1088 1068; x_wconf 83' lang='lat' dir='ltr'>Lolliae</span> <span class='ocrx_word' id='word_1_45' title='bbox 1106 983 1213 1050; x_wconf 91' lang='lat' dir='ltr'>Pauli-</span> 
     </span>
     <span class='ocr_line' id='line_1_8' title="bbox 183 1071 1213 1164; baseline 0.004 -22"><span class='ocrx_word' id='word_1_46' title='bbox 183 1101 242 1142; x_wconf 85' lang='lat' dir='ltr'>nae</span> <span class='ocrx_word' id='word_1_47' title='bbox 260 1077 382 1142; x_wconf 90' lang='lat' dir='ltr'>cineres</span> <span class='ocrx_word' id='word_1_48' title='bbox 399 1077 550 1162; x_wconf 88' lang='lat' dir='ltr'>reportari</span> <span class='ocrx_word' id='word_1_49' title='bbox 568 1077 809 1161; x_wconf 82' lang='lat' dir='ltr'>sepulcrumque</span> <span class='ocrx_word' id='word_1_50' title='bbox 827 1071 927 1144; x_wconf 80' lang='lat' dir='ltr'>extrui</span> <span class='ocrx_word' id='word_1_51' title='bbox 940 1080 1100 1164; x_wconf 62' lang='lat' dir='ltr'>&#39;permisit;</span> <span class='ocrx_word' id='word_1_52' title='bbox 1119 1102 1213 1163; x_wconf 91' lang='lat' dir='ltr'>quos-</span> 
     </span>
     <span class='ocr_line' id='line_1_9' title="bbox 182 1170 1213 1259; baseline 0.004 -24"><span class='ocrx_word' id='word_1_53' title='bbox 182 1194 245 1255; x_wconf 88' lang='lat' dir='ltr'>que</span> <span class='ocrx_word' id='word_1_54' title='bbox 268 1171 337 1256; x_wconf 91' lang='lat' dir='ltr'>ipse</span> <span class='ocrx_word' id='word_1_55' title='bbox 355 1171 459 1256; x_wconf 70' lang='lat' dir='ltr'>&#39;nuper</span> <span class='ocrx_word' id='word_1_56' title='bbox 480 1170 687 1256; x_wconf 84' lang='lat' dir='ltr'>relegaverat,</span> <span class='ocrx_word' id='word_1_57' title='bbox 710 1171 844 1236; x_wconf 89' lang='lat' dir='ltr'>Iturium</span> <span class='ocrx_word' id='word_1_58' title='bbox 867 1182 897 1236; x_wconf 89' lang='lat' dir='ltr'>et</span> <span class='ocrx_word' id='word_1_59' title='bbox 916 1172 1089 1238; x_wconf 89' lang='lat' dir='ltr'>Calvisium</span> <span class='ocrx_word' id='word_1_60' title='bbox 1111 1197 1213 1259; x_wconf 92' lang='lat' dir='ltr'>poena</span> 
     </span>
     <span class='ocr_line' id='line_1_10' title="bbox 184 1262 1212 1352; baseline 0.002 -22"><span class='ocrx_word' id='word_1_61' title='bbox 184 1265 337 1330; x_wconf 77' lang='lat' dir='ltr'>exsolvitz·</span> <span class='ocrx_word' id='word_1_62' title='bbox 351 1287 425 1328; x_wconf 91' lang='lat' dir='ltr'>nam</span> <span class='ocrx_word' id='word_1_63' title='bbox 444 1262 553 1329; x_wconf 88' lang='lat' dir='ltr'>Silana</span> <span class='ocrx_word' id='word_1_64' title='bbox 570 1265 636 1329; x_wconf 87' lang='lat' dir='ltr'>fato</span> <span class='ocrx_word' id='word_1_65' title='bbox 654 1263 762 1328; x_wconf 88' lang='lat' dir='ltr'>functa</span> <span class='ocrx_word' id='word_1_66' title='bbox 780 1275 854 1342; x_wconf 86' lang='lat' dir='ltr'>erat,</span> <span class='ocrx_word' id='word_1_67' title='bbox 873 1266 1043 1352; x_wconf 85' lang='lat' dir='ltr'>longinquo</span> <span class='ocrx_word' id='word_1_68' title='bbox 1061 1267 1101 1332; x_wconf 89' lang='lat' dir='ltr'>ab</span> <span class='ocrx_word' id='word_1_69' title='bbox 1120 1269 1212 1332; x_wconf 83' lang='lat' dir='ltr'>exilio</span> 
     </span>
     <span class='ocr_line' id='line_1_11' title="bbox 183 1356 1213 1446; baseline 0.003 -24"><span class='ocrx_word' id='word_1_70' title='bbox 183 1359 358 1424; x_wconf 88' lang='lat' dir='ltr'>Tarentum</span> <span class='ocrx_word' id='word_1_71' title='bbox 374 1380 519 1444; x_wconf 86' lang='lat' dir='ltr'>regressa</span> <span class='ocrx_word' id='word_1_72' title='bbox 535 1356 661 1422; x_wconf 91' lang='lat' dir='ltr'>labante</span> <span class='ocrx_word' id='word_1_73' title='bbox 678 1359 741 1422; x_wconf 89' lang='lat' dir='ltr'>iam</span> <span class='ocrx_word' id='word_1_74' title='bbox 759 1358 951 1446; x_wconf 87' lang='lat' dir='ltr'>Agrippina,</span> <span class='ocrx_word' id='word_1_75' title='bbox 975 1361 1062 1424; x_wconf 88' lang='lat' dir='ltr'>cuius</span> <span class='ocrx_word' id='word_1_76' title='bbox 1081 1361 1213 1426; x_wconf 90' lang='lat' dir='ltr'>inimici-</span> 
     </span>
     <span class='ocr_line' id='line_1_12' title="bbox 185 1450 827 1538; baseline 0.002 -22"><span class='ocrx_word' id='word_1_77' title='bbox 185 1453 235 1517; x_wconf 86' lang='lat' dir='ltr'>tiis</span> <span class='ocrx_word' id='word_1_78' title='bbox 253 1451 445 1528; x_wconf 84' lang='lat' dir='ltr'>conciderat,</span> <span class='ocrx_word' id='word_1_79' title='bbox 465 1450 516 1514; x_wconf 87' lang='lat' dir='ltr'>vel</span> <span class='ocrx_word' id='word_1_80' title='bbox 533 1455 659 1515; x_wconf 81' lang='lat' dir='ltr'>tandem</span> <span class='ocrx_word' id='word_1_81' title='bbox 676 1453 827 1538; x_wconf 87' lang='lat' dir='ltr'>mitigata.</span> 
     </span>
    </p>

    <p class='ocr_par' dir='ltr' id='par_1_3' title="bbox 180 1544 1320 2758">
     <span class='ocr_line' id='line_1_13' title="bbox 248 1544 1262 1632; baseline 0.006 -24"><span class='ocrx_word' id='word_1_82' title='bbox 248 1544 457 1609; x_wconf 81' lang='lat' dir='ltr'>***cunetari</span> <span class='ocrx_word' id='word_1_83' title='bbox 475 1545 508 1608; x_wconf 93' lang='lat' dir='ltr'>in</span> <span class='ocrx_word' id='word_1_84' title='bbox 526 1546 649 1630; x_wconf 84' lang='lat' dir='ltr'>oppidis</span> <span class='ocrx_word' id='word_1_85' title='bbox 669 1544 875 1632; x_wconf 83' lang='lat' dir='ltr'>Campaniae,</span> <span class='ocrx_word' id='word_1_86' title='bbox 895 1571 1030 1632; x_wconf 88' lang='lat' dir='ltr'>quonam</span> <span class='ocrx_word' id='word_1_87' title='bbox 1048 1549 1142 1613; x_wconf 90' lang='lat' dir='ltr'>modo</span> <span class='ocrx_word' id='word_1_88' title='bbox 1160 1572 1211 1614; x_wconf 89' lang='lat' dir='ltr'>ur·</span> <span class='ocrx_word' id='word_1_89' title='bbox 1233 1569 1262 1616; x_wconf 85' lang='lat'>13</span> 
     </span>
     <span class='ocr_line' id='line_1_14' title="bbox 183 1639 1211 1728; baseline 0.002 -22"><span class='ocrx_word' id='word_1_90' title='bbox 183 1640 257 1706; x_wconf 93' lang='lat' dir='ltr'>bem</span> <span class='ocrx_word' id='word_1_91' title='bbox 274 1639 497 1725; x_wconf 88' lang='lat' dir='ltr'>ingrederetur,</span> <span class='ocrx_word' id='word_1_92' title='bbox 517 1663 559 1703; x_wconf 91' lang='lat' dir='ltr'>an</span> <span class='ocrx_word' id='word_1_93' title='bbox 571 1639 756 1724; x_wconf 88' lang='lat' dir='ltr'>obsequium</span> <span class='ocrx_word' id='word_1_94' title='bbox 775 1651 911 1720; x_wconf 87' lang='lat' dir='ltr'>senatus,</span> <span class='ocrx_word' id='word_1_95' title='bbox 931 1666 972 1706; x_wconf 88' lang='lat' dir='ltr'>an</span> <span class='ocrx_word' id='word_1_96' title='bbox 990 1644 1093 1708; x_wconf 90' lang='lat' dir='ltr'>studia</span> <span class='ocrx_word' id='word_1_97' title='bbox 1109 1642 1211 1728; x_wconf 88' lang='lat' dir='ltr'>plebis</span> 
     </span>
     <span class='ocr_line' id='line_1_15' title="bbox 183 1733 1212 1820; baseline 0.001 -21"><span class='ocrx_word' id='word_1_98' title='bbox 183 1733 332 1820; x_wconf 88' lang='lat' dir='ltr'>reperiret</span> <span class='ocrx_word' id='word_1_99' title='bbox 349 1734 476 1811; x_wconf 83' lang='lat' dir='ltr'>anxius3</span> <span class='ocrx_word' id='word_1_100' title='bbox 500 1744 608 1798; x_wconf 85' lang='lat' dir='ltr'>contra</span> <span class='ocrx_word' id='word_1_101' title='bbox 625 1734 808 1799; x_wconf 88' lang='lat' dir='ltr'>deterrimus</span> <span class='ocrx_word' id='word_1_102' title='bbox 827 1736 974 1818; x_wconf 89' lang='lat' dir='ltr'>quisque,</span> <span class='ocrx_word' id='word_1_103' title='bbox 997 1759 1130 1820; x_wconf 93' lang='lat' dir='ltr'>quorum</span> <span class='ocrx_word' id='word_1_104' title='bbox 1148 1759 1212 1802; x_wconf 87' lang='lat' dir='ltr'>non</span> 
     </span>
     <span class='ocr_line' id='line_1_16' title="bbox 183 1826 1212 1913; baseline 0 -21"><span class='ocrx_word' id='word_1_105' title='bbox 183 1829 245 1892; x_wconf 86' lang='lat' dir='ltr'>alia</span> <span class='ocrx_word' id='word_1_106' title='bbox 261 1828 349 1913; x_wconf 88' lang='lat' dir='ltr'>regia</span> <span class='ocrx_word' id='word_1_107' title='bbox 365 1827 529 1892; x_wconf 89' lang='lat' dir='ltr'>fecundior</span> <span class='ocrx_word' id='word_1_108' title='bbox 546 1826 661 1904; x_wconf 82' lang='lat' dir='ltr'>extitit,</span> <span class='ocrx_word' id='word_1_109' title='bbox 680 1827 816 1892; x_wconf 90' lang='lat' dir='ltr'>invisum</span> <span class='ocrx_word' id='word_1_110' title='bbox 834 1827 1031 1913; x_wconf 86' lang='lat' dir='ltr'>Agrippinae</span> <span class='ocrx_word' id='word_1_111' title='bbox 1048 1851 1162 1893; x_wconf 91' lang='lat' dir='ltr'>nomen</span> <span class='ocrx_word' id='word_1_112' title='bbox 1181 1840 1212 1893; x_wconf 88' lang='lat' dir='ltr'>et</span> 
     </span>
     <span class='ocr_line' id='line_1_17' title="bbox 182 1921 1212 2006; baseline 0.003 -21"><span class='ocrx_word' id='word_1_113' title='bbox 182 1933 281 1987; x_wconf 88' lang='lat' dir='ltr'>morte</span> <span class='ocrx_word' id='word_1_114' title='bbox 300 1921 367 1986; x_wconf 90' lang='lat' dir='ltr'>eius</span> <span class='ocrx_word' id='word_1_115' title='bbox 385 1942 552 1985; x_wconf 89' lang='lat' dir='ltr'>accensum</span> <span class='ocrx_word' id='word_1_116' title='bbox 569 1921 678 2006; x_wconf 91' lang='lat' dir='ltr'>populi</span> <span class='ocrx_word' id='word_1_117' title='bbox 695 1921 835 1985; x_wconf 87' lang='lat' dir='ltr'>favorem</span> <span class='ocrx_word' id='word_1_118' title='bbox 853 1923 1024 1986; x_wconf 90' lang='lat' dir='ltr'>disserunt:</span> <span class='ocrx_word' id='word_1_119' title='bbox 1042 1923 1100 1986; x_wconf 90' lang='lat' dir='ltr'>iret</span> <span class='ocrx_word' id='word_1_120' title='bbox 1117 1923 1212 1988; x_wconf 85' lang='lat' dir='ltr'>intre-</span> 
     </span>
     <span class='ocr_line' id='line_1_18' title="bbox 182 2014 1212 2100; baseline -0.002 -20"><span class='ocrx_word' id='word_1_121' title='bbox 182 2017 275 2100; x_wconf 91' lang='lat' dir='ltr'>pidus</span> <span class='ocrx_word' id='word_1_122' title='bbox 294 2025 325 2079; x_wconf 92' lang='lat' dir='ltr'>et</span> <span class='ocrx_word' id='word_1_123' title='bbox 341 2015 572 2079; x_wconf 85' lang='lat' dir='ltr'>venerationem</span> <span class='ocrx_word' id='word_1_124' title='bbox 591 2014 640 2078; x_wconf 90' lang='lat' dir='ltr'>sui</span> <span class='ocrx_word' id='word_1_125' title='bbox 662 2036 767 2078; x_wconf 85' lang='lat' dir='ltr'>eoram</span> <span class='ocrx_word' id='word_1_126' title='bbox 785 2015 989 2100; x_wconf 82' lang='lat' dir='ltr'>experiretur3</span> <span class='ocrx_word' id='word_1_127' title='bbox 1013 2014 1106 2078; x_wconf 89' lang='lat' dir='ltr'>simul</span> <span class='ocrx_word' id='word_1_128' title='bbox 1123 2036 1212 2098; x_wconf 89' lang='lat' dir='ltr'>prae-</span> 
     </span>
     <span class='ocr_line' id='line_1_19' title="bbox 182 2107 1213 2195; baseline -0.004 -21"><span class='ocrx_word' id='word_1_129' title='bbox 182 2111 272 2195; x_wconf 85' lang='lat' dir='ltr'>gredi</span> <span class='ocrx_word' id='word_1_130' title='bbox 294 2115 480 2194; x_wconf 85' lang='lat' dir='ltr'>exposcunt:</span> <span class='ocrx_word' id='word_1_131' title='bbox 508 2118 539 2172; x_wconf 89' lang='lat' dir='ltr'>et</span> <span class='ocrx_word' id='word_1_132' title='bbox 560 2108 752 2193; x_wconf 87' lang='lat' dir='ltr'>promptiora</span> <span class='ocrx_word' id='word_1_133' title='bbox 778 2129 872 2191; x_wconf 91' lang='lat' dir='ltr'>quam</span> <span class='ocrx_word' id='word_1_134' title='bbox 899 2108 1105 2192; x_wconf 89' lang='lat' dir='ltr'>promiserant</span> <span class='ocrx_word' id='word_1_135' title='bbox 1126 2107 1213 2171; x_wconf 84' lang='lat' dir='ltr'>inve-</span> 
     </span>
     <span class='ocr_line' id='line_1_20' title="bbox 181 2195 1212 2286; baseline -0.004 -18"><span class='ocrx_word' id='word_1_136' title='bbox 181 2205 286 2282; x_wconf 90' lang='lat' dir='ltr'>niunt,</span> <span class='ocrx_word' id='word_1_137' title='bbox 312 2195 423 2269; x_wconf 60' lang='lat' dir='ltr'>obrias</span> <span class='ocrx_word' id='word_1_138' title='bbox 446 2202 561 2279; x_wconf 92' lang='lat' dir='ltr'>tribus,</span> <span class='ocrx_word' id='word_1_139' title='bbox 589 2202 670 2267; x_wconf 84' lang='lat' dir='ltr'>festo</span> <span class='ocrx_word' id='word_1_140' title='bbox 694 2203 960 2284; x_wconf 16' lang='lat' dir='ltr'>cultuysenatum,</span> <span class='ocrx_word' id='word_1_141' title='bbox 983 2202 1152 2286; x_wconf 89' lang='lat' dir='ltr'>coniugum</span> <span class='ocrx_word' id='word_1_142' title='bbox 1175 2224 1212 2266; x_wconf 92' lang='lat' dir='ltr'>ae</span> 
     </span>
     <span class='ocr_line' id='line_1_21' title="bbox 181 2297 1210 2383; baseline -0.002 -21"><span class='ocrx_word' id='word_1_143' title='bbox 181 2298 351 2364; x_wconf 89' lang='lat' dir='ltr'>liberorum</span> <span class='ocrx_word' id='word_1_144' title='bbox 360 2297 486 2383; x_wconf 85' lang='lat' dir='ltr'>agmina</span> <span class='ocrx_word' id='word_1_145' title='bbox 494 2320 551 2382; x_wconf 90' lang='lat' dir='ltr'>per</span> <span class='ocrx_word' id='word_1_146' title='bbox 560 2317 670 2362; x_wconf 83' lang='lat' dir='ltr'>sexum</span> <span class='ocrx_word' id='word_1_147' title='bbox 680 2307 711 2360; x_wconf 87' lang='lat' dir='ltr'>et</span> <span class='ocrx_word' id='word_1_148' title='bbox 724 2305 857 2362; x_wconf 89' lang='lat' dir='ltr'>aetatem</span> <span class='ocrx_word' id='word_1_149' title='bbox 867 2297 1027 2382; x_wconf 91' lang='lat' dir='ltr'>disposita,</span> <span class='ocrx_word' id='word_1_150' title='bbox 1043 2306 1210 2372; x_wconf 84' lang='lat' dir='ltr'>extructos,</span> 
     </span>
     <span class='ocr_line' id='line_1_22' title="bbox 181 2389 1320 2477; baseline -0.003 -22"><span class='ocrx_word' id='word_1_151' title='bbox 181 2415 245 2476; x_wconf 88' lang='lat' dir='ltr'>qua</span> <span class='ocrx_word' id='word_1_152' title='bbox 261 2391 433 2468; x_wconf 88' lang='lat' dir='ltr'>incederet,</span> <span class='ocrx_word' id='word_1_153' title='bbox 452 2390 702 2477; x_wconf 87' lang='lat' dir='ltr'>spectaculorum</span> <span class='ocrx_word' id='word_1_154' title='bbox 720 2392 851 2477; x_wconf 87' lang='lat' dir='ltr'>gradus,</span> <span class='ocrx_word' id='word_1_155' title='bbox 870 2411 933 2474; x_wconf 91' lang='lat' dir='ltr'>quo</span> <span class='ocrx_word' id='word_1_156' title='bbox 951 2390 1045 2454; x_wconf 93' lang='lat' dir='ltr'>modo</span> <span class='ocrx_word' id='word_1_157' title='bbox 1063 2389 1212 2474; x_wconf 86' lang='lat' dir='ltr'>triumphi</span> <span class='ocrx_word' id='word_1_158' title='bbox 1318 2404 1320 2408; x_wconf 86' lang='grc'><em>·</em></span> 
     </span>
     <span class='ocr_line' id='line_1_23' title="bbox 182 2483 1212 2570; baseline -0.004 -20"><span class='ocrx_word' id='word_1_159' title='bbox 182 2487 340 2550; x_wconf 86' lang='lat' dir='ltr'>visuntur:</span> <span class='ocrx_word' id='word_1_160' title='bbox 354 2485 427 2549; x_wconf 91' lang='lat' dir='ltr'>hinc</span> <span class='ocrx_word' id='word_1_161' title='bbox 436 2484 590 2570; x_wconf 89' lang='lat' dir='ltr'>superbus</span> <span class='ocrx_word' id='word_1_162' title='bbox 604 2507 642 2550; x_wconf 90' lang='lat' dir='ltr'>ac</span> <span class='ocrx_word' id='word_1_163' title='bbox 650 2485 768 2570; x_wconf 89' lang='lat' dir='ltr'>publici</span> <span class='ocrx_word' id='word_1_164' title='bbox 782 2485 899 2550; x_wconf 84' lang='lat' dir='ltr'>servitii</span> <span class='ocrx_word' id='word_1_165' title='bbox 912 2485 1012 2550; x_wconf 86' lang='lat' dir='ltr'>victor</span> <span class='ocrx_word' id='word_1_166' title='bbox 1021 2483 1212 2570; x_wconf 81' lang='lat' dir='ltr'>Capitolium</span> 
     </span>
     <span class='ocr_line' id='line_1_24' title="bbox 181 2579 1211 2666; baseline -0.002 -22"><span class='ocrx_word' id='word_1_167' title='bbox 181 2581 267 2658; x_wconf 89' lang='lat' dir='ltr'>adiit,</span> <span class='ocrx_word' id='word_1_168' title='bbox 281 2590 387 2666; x_wconf 85' lang='lat' dir='ltr'>grates</span> <span class='ocrx_word' id='word_1_169' title='bbox 401 2580 543 2656; x_wconf 84' lang='lat' dir='ltr'>exsolvit,</span> <span class='ocrx_word' id='word_1_170' title='bbox 558 2602 655 2663; x_wconf 89' lang='lat' dir='ltr'>seque</span> <span class='ocrx_word' id='word_1_171' title='bbox 668 2581 700 2644; x_wconf 90' lang='lat' dir='ltr'>in</span> <span class='ocrx_word' id='word_1_172' title='bbox 716 2603 825 2645; x_wconf 90' lang='lat' dir='ltr'>omnes</span> <span class='ocrx_word' id='word_1_173' title='bbox 838 2580 983 2645; x_wconf 88' lang='lat' dir='ltr'>libidines</span> <span class='ocrx_word' id='word_1_174' title='bbox 997 2579 1117 2655; x_wconf 83' lang='lat' dir='ltr'>effudit,</span> <span class='ocrx_word' id='word_1_175' title='bbox 1132 2597 1211 2662; x_wconf 87' lang='lat' dir='ltr'>quas</span> 
     </span>
     <span class='ocr_line' id='line_1_25' title="bbox 180 2673 1211 2758; baseline -0.001 -20"><span class='ocrx_word' id='word_1_176' title='bbox 180 2674 263 2738; x_wconf 86' lang='lat' dir='ltr'>male</span> <span class='ocrx_word' id='word_1_177' title='bbox 282 2674 432 2754; x_wconf 87' lang='lat' dir='ltr'>coercitas</span> <span class='ocrx_word' id='word_1_178' title='bbox 451 2673 687 2758; x_wconf 85' lang='lat' dir='ltr'>qualiscumque</span> <span class='ocrx_word' id='word_1_179' title='bbox 705 2675 813 2742; x_wconf 91' lang='lat' dir='ltr'>matris</span> <span class='ocrx_word' id='word_1_180' title='bbox 831 2674 1004 2740; x_wconf 87' lang='lat' dir='ltr'>reverentia</span> <span class='ocrx_word' id='word_1_181' title='bbox 1025 2673 1211 2738; x_wconf 85' lang='lat' dir='ltr'>tardaverat.</span> 
     </span>
    </p>

    <p class='ocr_par' dir='ltr' id='par_1_4' title="bbox 174 2766 1262 4266">
     <span class='ocr_line' id='line_1_26' title="bbox 244 2766 1262 2853; baseline 0 -21"><span class='ocrx_word' id='word_1_182' title='bbox 244 2767 347 2832; x_wconf 91' lang='lat' dir='ltr'>Vetus</span> <span class='ocrx_word' id='word_1_183' title='bbox 365 2768 410 2832; x_wconf 92' lang='lat' dir='ltr'>illi</span> <span class='ocrx_word' id='word_1_184' title='bbox 428 2768 540 2853; x_wconf 81' lang='lat' dir='ltr'>cupido</span> <span class='ocrx_word' id='word_1_185' title='bbox 562 2777 628 2832; x_wconf 89' lang='lat' dir='ltr'>erat</span> <span class='ocrx_word' id='word_1_186' title='bbox 645 2769 798 2834; x_wconf 89' lang='lat' dir='ltr'>curriculo</span> <span class='ocrx_word' id='word_1_187' title='bbox 816 2769 1038 2853; x_wconf 89' lang='lat' dir='ltr'>quadrigarum</span> <span class='ocrx_word' id='word_1_188' title='bbox 1056 2766 1210 2842; x_wconf 89' lang='lat' dir='ltr'>insistere,</span> <span class='ocrx_word' id='word_1_189' title='bbox 1232 2787 1262 2832; x_wconf 80' lang='lat'>14</span> 
     </span>
     <span class='ocr_line' id='line_1_27' title="bbox 179 2860 1212 2926; baseline -0.003 -1"><span class='ocrx_word' id='word_1_190' title='bbox 179 2884 239 2925; x_wconf 90' lang='lat' dir='ltr'>nee</span> <span class='ocrx_word' id='word_1_191' title='bbox 261 2861 366 2926; x_wconf 90' lang='lat' dir='ltr'>minus</span> <span class='ocrx_word' id='word_1_192' title='bbox 388 2862 517 2926; x_wconf 85' lang='lat' dir='ltr'>foedum</span> <span class='ocrx_word' id='word_1_193' title='bbox 543 2862 681 2926; x_wconf 89' lang='lat' dir='ltr'>studium</span> <span class='ocrx_word' id='word_1_194' title='bbox 708 2862 827 2925; x_wconf 87' lang='lat' dir='ltr'>cithara</span> <span class='ocrx_word' id='word_1_195' title='bbox 851 2860 1006 2924; x_wconf 90' lang='lat' dir='ltr'>ludicrum</span> <span class='ocrx_word' id='word_1_196' title='bbox 1028 2862 1060 2922; x_wconf 92' lang='lat' dir='ltr'>in</span> <span class='ocrx_word' id='word_1_197' title='bbox 1082 2860 1212 2924; x_wconf 90' lang='lat' dir='ltr'>modum</span> 
     </span>
     <span class='ocr_line' id='line_1_28' title="bbox 180 2953 1211 3040; baseline -0.004 -20"><span class='ocrx_word' id='word_1_198' title='bbox 180 2979 308 3034; x_wconf 89' lang='lat' dir='ltr'>canere;</span> <span class='ocrx_word' id='word_1_199' title='bbox 326 2969 504 3022; x_wconf 81' lang='lat' dir='ltr'>concertare</span> <span class='ocrx_word' id='word_1_200' title='bbox 521 2957 608 3039; x_wconf 84' lang='lat' dir='ltr'>equis</span> <span class='ocrx_word' id='word_1_201' title='bbox 626 2955 748 3040; x_wconf 88' lang='lat' dir='ltr'>regium</span> <span class='ocrx_word' id='word_1_202' title='bbox 767 2964 798 3019; x_wconf 91' lang='lat' dir='ltr'>et</span> <span class='ocrx_word' id='word_1_203' title='bbox 815 2954 951 3036; x_wconf 89' lang='lat' dir='ltr'>antiquis</span> <span class='ocrx_word' id='word_1_204' title='bbox 969 2953 1102 3016; x_wconf 90' lang='lat' dir='ltr'>ducibus</span> <span class='ocrx_word' id='word_1_205' title='bbox 1121 2953 1211 3016; x_wconf 84' lang='lat' dir='ltr'>faeti-</span> 
     </span>
     <span class='ocr_line' id='line_1_29' title="bbox 179 3044 1212 3132; baseline -0.006 -18"><span class='ocrx_word' id='word_1_206' title='bbox 179 3060 282 3114; x_wconf 90' lang='lat' dir='ltr'>tatum</span> <span class='ocrx_word' id='word_1_207' title='bbox 303 3049 510 3127; x_wconf 90' lang='lat' dir='ltr'>memorabat,</span> <span class='ocrx_word' id='word_1_208' title='bbox 534 3050 629 3132; x_wconf 89' lang='lat' dir='ltr'>idque</span> <span class='ocrx_word' id='word_1_209' title='bbox 652 3059 759 3112; x_wconf 89' lang='lat' dir='ltr'>vatum</span> <span class='ocrx_word' id='word_1_210' title='bbox 780 3046 927 3112; x_wconf 85' lang='lat' dir='ltr'>laudibus</span> <span class='ocrx_word' id='word_1_211' title='bbox 950 3044 1071 3108; x_wconf 87' lang='lat' dir='ltr'>celebre</span> <span class='ocrx_word' id='word_1_212' title='bbox 1090 3054 1121 3106; x_wconf 91' lang='lat' dir='ltr'>et</span> <span class='ocrx_word' id='word_1_213' title='bbox 1138 3045 1212 3108; x_wconf 92' lang='lat' dir='ltr'>deo-</span> 
     </span>
     <span class='ocr_line' id='line_1_30' title="bbox 178 3138 1213 3224; baseline -0.008 -16"><span class='ocrx_word' id='word_1_214' title='bbox 178 3165 252 3208; x_wconf 91' lang='lat' dir='ltr'>rum</span> <span class='ocrx_word' id='word_1_215' title='bbox 273 3144 384 3208; x_wconf 91' lang='lat' dir='ltr'>honori</span> <span class='ocrx_word' id='word_1_216' title='bbox 407 3144 529 3222; x_wconf 81' lang='lat' dir='ltr'>datum3</span> <span class='ocrx_word' id='word_1_217' title='bbox 553 3144 712 3207; x_wconf 91' lang='lat' dir='ltr'>enimvero</span> <span class='ocrx_word' id='word_1_218' title='bbox 735 3148 844 3205; x_wconf 85' lang='lat' dir='ltr'>cantus</span> <span class='ocrx_word' id='word_1_219' title='bbox 863 3138 1004 3224; x_wconf 88' lang='lat' dir='ltr'>Apollini</span> <span class='ocrx_word' id='word_1_220' title='bbox 1022 3158 1142 3212; x_wconf 88' lang='lat' dir='ltr'>sacros,</span> <span class='ocrx_word' id='word_1_221' title='bbox 1167 3147 1213 3200; x_wconf 90' lang='lat' dir='ltr'>ta-</span> 
     </span>
     <span class='ocr_line' id='line_1_31' title="bbox 179 3229 1213 3321; baseline -0.008 -21"><span class='ocrx_word' id='word_1_222' title='bbox 179 3238 265 3321; x_wconf 91' lang='lat' dir='ltr'>lique</span> <span class='ocrx_word' id='word_1_223' title='bbox 284 3248 394 3302; x_wconf 92' lang='lat' dir='ltr'>ornatu</span> <span class='ocrx_word' id='word_1_224' title='bbox 412 3248 514 3302; x_wconf 88' lang='lat' dir='ltr'>astare</span> <span class='ocrx_word' id='word_1_225' title='bbox 531 3260 595 3302; x_wconf 91' lang='lat' dir='ltr'>non</span> <span class='ocrx_word' id='word_1_226' title='bbox 612 3235 707 3300; x_wconf 91' lang='lat' dir='ltr'>modo</span> <span class='ocrx_word' id='word_1_227' title='bbox 724 3233 856 3300; x_wconf 87' lang='lat' dir='ltr'>Graecis</span> <span class='ocrx_word' id='word_1_228' title='bbox 875 3233 907 3300; x_wconf 88' lang='lat' dir='ltr'>in</span> <span class='ocrx_word' id='word_1_229' title='bbox 924 3231 1055 3297; x_wconf 91' lang='lat' dir='ltr'>urbibus</span> <span class='ocrx_word' id='word_1_230' title='bbox 1073 3230 1130 3294; x_wconf 93' lang='lat' dir='ltr'>sed</span> <span class='ocrx_word' id='word_1_231' title='bbox 1147 3229 1213 3294; x_wconf 85' lang='lat' dir='ltr'>Ro-</span> 
     </span>
     <span class='ocr_line' id='line_1_32' title="bbox 180 3324 1212 3417; baseline -0.008 -22"><span class='ocrx_word' id='word_1_232' title='bbox 180 3352 276 3396; x_wconf 87' lang='lat' dir='ltr'>mana</span> <span class='ocrx_word' id='word_1_233' title='bbox 292 3333 377 3417; x_wconf 89' lang='lat' dir='ltr'>apud</span> <span class='ocrx_word' id='word_1_234' title='bbox 395 3332 512 3417; x_wconf 85' lang='lat' dir='ltr'>templa</span> <span class='ocrx_word' id='word_1_235' title='bbox 528 3353 645 3395; x_wconf 92' lang='lat' dir='ltr'>numen</span> <span class='ocrx_word' id='word_1_236' title='bbox 666 3329 870 3415; x_wconf 85' lang='lat' dir='ltr'>praecipuum</span> <span class='ocrx_word' id='word_1_237' title='bbox 893 3338 923 3392; x_wconf 91' lang='lat' dir='ltr'>ct</span> <span class='ocrx_word' id='word_1_238' title='bbox 940 3324 1126 3413; x_wconf 88' lang='lat' dir='ltr'>praescium.</span> <span class='ocrx_word' id='word_1_239' title='bbox 1153 3345 1212 3388; x_wconf 90' lang='lat' dir='ltr'>nec</span> 
     </span>
     <span class='ocr_line' id='line_1_33' title="bbox 174 3421 1212 3510; baseline -0.008 -20"><span class='ocrx_word' id='word_1_240' title='bbox 174 3425 245 3490; x_wconf 71' lang='lat' dir='ltr'>&#39;iam</span> <span class='ocrx_word' id='word_1_241' title='bbox 263 3425 332 3490; x_wconf 88' lang='lat' dir='ltr'>sisti</span> <span class='ocrx_word' id='word_1_242' title='bbox 348 3435 485 3510; x_wconf 89' lang='lat' dir='ltr'>poterat,</span> <span class='ocrx_word' id='word_1_243' title='bbox 509 3421 741 3507; x_wconf 87' lang='lat' dir='ltr'>cumSenecae</span> <span class='ocrx_word' id='word_1_244' title='bbox 759 3445 797 3488; x_wconf 91' lang='lat' dir='ltr'>ac</span> <span class='ocrx_word' id='word_1_245' title='bbox 814 3423 917 3488; x_wconf 90' lang='lat' dir='ltr'>Burro</span> <span class='ocrx_word' id='word_1_246' title='bbox 933 3422 1052 3498; x_wconf 83' lang='lat' dir='ltr'>visum,</span> <span class='ocrx_word' id='word_1_247' title='bbox 1071 3442 1110 3484; x_wconf 93' lang='lat' dir='ltr'>ne</span> <span class='ocrx_word' id='word_1_248' title='bbox 1129 3429 1212 3484; x_wconf 85' lang='lat' dir='ltr'>utra-</span> 
     </span>
     <span class='ocr_line' id='line_1_34' title="bbox 180 3514 1212 3605; baseline -0.006 -21"><span class='ocrx_word' id='word_1_249' title='bbox 180 3542 243 3603; x_wconf 90' lang='lat' dir='ltr'>que</span> <span class='ocrx_word' id='word_1_250' title='bbox 260 3520 464 3605; x_wconf 88' lang='lat' dir='ltr'>pervinceret,</span> <span class='ocrx_word' id='word_1_251' title='bbox 483 3521 615 3586; x_wconf 87' lang='lat' dir='ltr'>alterum</span> <span class='ocrx_word' id='word_1_252' title='bbox 628 3522 813 3585; x_wconf 85' lang='lat' dir='ltr'>concedere:</span> <span class='ocrx_word' id='word_1_253' title='bbox 832 3520 1035 3603; x_wconf 89' lang='lat' dir='ltr'>clausumque</span> <span class='ocrx_word' id='word_1_254' title='bbox 1053 3515 1134 3580; x_wconf 88' lang='lat' dir='ltr'>valle</span> <span class='ocrx_word' id='word_1_255' title='bbox 1147 3514 1212 3579; x_wconf 90' lang='lat' dir='ltr'>Va-</span> 
     </span>
     <span class='ocr_line' id='line_1_35' title="bbox 181 3611 1213 3700; baseline -0.006 -23"><span class='ocrx_word' id='word_1_256' title='bbox 181 3615 286 3678; x_wconf 88' lang='lat' dir='ltr'>ticana</span> <span class='ocrx_word' id='word_1_257' title='bbox 304 3615 442 3699; x_wconf 90' lang='lat' dir='ltr'>spatium</span> <span class='ocrx_word' id='word_1_258' title='bbox 460 3615 491 3678; x_wconf 93' lang='lat' dir='ltr'>in</span> <span class='ocrx_word' id='word_1_259' title='bbox 510 3637 573 3698; x_wconf 92' lang='lat' dir='ltr'>quo</span> <span class='ocrx_word' id='word_1_260' title='bbox 591 3636 690 3696; x_wconf 91' lang='lat' dir='ltr'>equos</span> <span class='ocrx_word' id='word_1_261' title='bbox 707 3625 843 3700; x_wconf 89' lang='lat' dir='ltr'>regeret,</span> <span class='ocrx_word' id='word_1_262' title='bbox 866 3613 950 3678; x_wconf 92' lang='lat' dir='ltr'>haud</span> <span class='ocrx_word' id='word_1_263' title='bbox 968 3611 1124 3698; x_wconf 87' lang='lat' dir='ltr'>promisco</span> <span class='ocrx_word' id='word_1_264' title='bbox 1142 3631 1213 3693; x_wconf 92' lang='lat' dir='ltr'>spe-</span> 
     </span>
     <span class='ocr_line' id='line_1_36' title="bbox 181 3703 1211 3793; baseline -0.008 -23"><span class='ocrx_word' id='word_1_265' title='bbox 181 3707 320 3785; x_wconf 89' lang='lat' dir='ltr'>ctaculo;</span> <span class='ocrx_word' id='word_1_266' title='bbox 342 3731 418 3773; x_wconf 85' lang='lat' dir='ltr'>mox</span> <span class='ocrx_word' id='word_1_267' title='bbox 433 3709 516 3773; x_wconf 91' lang='lat' dir='ltr'>ultro</span> <span class='ocrx_word' id='word_1_268' title='bbox 538 3708 644 3773; x_wconf 87' lang='lat' dir='ltr'>vocari</span> <span class='ocrx_word' id='word_1_269' title='bbox 664 3709 800 3793; x_wconf 90' lang='lat' dir='ltr'>populus</span> <span class='ocrx_word' id='word_1_270' title='bbox 818 3707 979 3773; x_wconf 88' lang='lat' dir='ltr'>Romanus</span> <span class='ocrx_word' id='word_1_271' title='bbox 1002 3703 1211 3782; x_wconf 88' lang='lat' dir='ltr'>laudibusque</span> 
     </span>
     <span class='ocr_line' id='line_1_37' title="bbox 181 3793 1211 3888; baseline -0.01 -24"><span class='ocrx_word' id='word_1_272' title='bbox 181 3801 344 3879; x_wconf 84' lang='lat' dir='ltr'>extollere,</span> <span class='ocrx_word' id='word_1_273' title='bbox 368 3811 403 3866; x_wconf 91' lang='lat' dir='ltr'>ut</span> <span class='ocrx_word' id='word_1_274' title='bbox 421 3813 470 3867; x_wconf 89' lang='lat' dir='ltr'>est</span> <span class='ocrx_word' id='word_1_275' title='bbox 487 3802 603 3888; x_wconf 88' lang='lat' dir='ltr'>vulgus</span> <span class='ocrx_word' id='word_1_276' title='bbox 627 3802 756 3886; x_wconf 87' lang='lat' dir='ltr'>cupiens</span> <span class='ocrx_word' id='word_1_277' title='bbox 776 3799 970 3883; x_wconf 87' lang='lat' dir='ltr'>voluptatum</span> <span class='ocrx_word' id='word_1_278' title='bbox 988 3807 1032 3871; x_wconf 91' lang='lat' dir='ltr'>et,</span> <span class='ocrx_word' id='word_1_279' title='bbox 1057 3795 1083 3858; x_wconf 92' lang='lat' dir='ltr'>si</span> <span class='ocrx_word' id='word_1_280' title='bbox 1101 3793 1211 3856; x_wconf 91' lang='lat' dir='ltr'>eodem</span> 
     </span>
     <span class='ocr_line' id='line_1_38' title="bbox 179 3889 1213 3981; baseline -0.011 -23"><span class='ocrx_word' id='word_1_281' title='bbox 179 3895 327 3981; x_wconf 89' lang='lat' dir='ltr'>princeps</span> <span class='ocrx_word' id='word_1_282' title='bbox 346 3896 457 3974; x_wconf 87' lang='lat' dir='ltr'>trahat,</span> <span class='ocrx_word' id='word_1_283' title='bbox 474 3897 601 3962; x_wconf 89' lang='lat' dir='ltr'>laetum.</span> <span class='ocrx_word' id='word_1_284' title='bbox 625 3905 763 3960; x_wconf 88' lang='lat' dir='ltr'>ceterum</span> <span class='ocrx_word' id='word_1_285' title='bbox 781 3892 946 3976; x_wconf 83' lang='lat' dir='ltr'>evulgatus</span> <span class='ocrx_word' id='word_1_286' title='bbox 963 3889 1065 3974; x_wconf 91' lang='lat' dir='ltr'>pudor</span> <span class='ocrx_word' id='word_1_287' title='bbox 1082 3908 1145 3950; x_wconf 91' lang='lat' dir='ltr'>non</span> <span class='ocrx_word' id='word_1_288' title='bbox 1163 3906 1213 3948; x_wconf 86' lang='lat' dir='ltr'>sa-</span> 
     </span>
     <span class='ocr_line' id='line_1_39' title="bbox 180 3982 1211 4068; baseline -0.012 -15"><span class='ocrx_word' id='word_1_289' title='bbox 180 3989 335 4068; x_wconf 85' lang='lat' dir='ltr'>tietatem,</span> <span class='ocrx_word' id='word_1_290' title='bbox 358 4000 394 4054; x_wconf 86' lang='lat' dir='ltr'>ut</span> <span class='ocrx_word' id='word_1_291' title='bbox 410 3990 573 4066; x_wconf 91' lang='lat' dir='ltr'>rebantur,</span> <span class='ocrx_word' id='word_1_292' title='bbox 598 3990 655 4054; x_wconf 88' lang='lat' dir='ltr'>sed</span> <span class='ocrx_word' id='word_1_293' title='bbox 671 3988 906 4052; x_wconf 90' lang='lat' dir='ltr'>incitamentum</span> <span class='ocrx_word' id='word_1_294' title='bbox 924 3982 1040 4056; x_wconf 89' lang='lat' dir='ltr'>attulit,</span> <span class='ocrx_word' id='word_1_295' title='bbox 1062 3987 1211 4061; x_wconf 88' lang='lat' dir='ltr'>ratusque</span> 
     </span>
     <span class='ocr_line' id='line_1_40' title="bbox 180 4073 1213 4170; baseline -0.008 -24"><span class='ocrx_word' id='word_1_296' title='bbox 180 4083 320 4149; x_wconf 89' lang='lat' dir='ltr'>dedecus</span> <span class='ocrx_word' id='word_1_297' title='bbox 339 4083 466 4162; x_wconf 86' lang='lat' dir='ltr'>molliri,</span> <span class='ocrx_word' id='word_1_298' title='bbox 490 4084 518 4149; x_wconf 90' lang='lat' dir='ltr'>si</span> <span class='ocrx_word' id='word_1_299' title='bbox 534 4083 642 4170; x_wconf 89' lang='lat' dir='ltr'>plures</span> <span class='ocrx_word' id='word_1_300' title='bbox 660 4081 834 4154; x_wconf 85' lang='lat' dir='ltr'>foedasset,</span> <span class='ocrx_word' id='word_1_301' title='bbox 855 4077 1005 4141; x_wconf 89' lang='lat' dir='ltr'>nobilium</span> <span class='ocrx_word' id='word_1_302' title='bbox 1023 4073 1213 4138; x_wconf 82' lang='lat' dir='ltr'>familiarum</span> 
     </span>
     <span class='ocr_line' id='line_1_41' title="bbox 180 4168 1210 4266; baseline -0.012 -22"><span class='ocrx_word' id='word_1_303' title='bbox 180 4188 325 4262; x_wconf 86' lang='lat' dir='ltr'>posteros</span> <span class='ocrx_word' id='word_1_304' title='bbox 352 4188 492 4266; x_wconf 86' lang='lat' dir='ltr'>egestate</span> <span class='ocrx_word' id='word_1_305' title='bbox 519 4177 644 4243; x_wconf 87' lang='lat' dir='ltr'>venales</span> <span class='ocrx_word' id='word_1_306' title='bbox 666 4176 698 4238; x_wconf 94' lang='lat' dir='ltr'>in</span> <span class='ocrx_word' id='word_1_307' title='bbox 722 4195 847 4239; x_wconf 87' lang='lat' dir='ltr'>scenam</span> <span class='ocrx_word' id='word_1_308' title='bbox 875 4171 1022 4247; x_wconf 82' lang='lat' dir='ltr'>deduxit,</span> <span class='ocrx_word' id='word_1_309' title='bbox 1044 4191 1123 4253; x_wconf 86' lang='lat' dir='ltr'>quos</span> <span class='ocrx_word' id='word_1_310' title='bbox 1145 4168 1210 4234; x_wconf 85' lang='lat' dir='ltr'>fato</span> 
     </span>
    </p>
   </div>
   <div class='ocr_carea' id='block_1_3' title="bbox 0 0 1514 4958">
    <p class='ocr_par' dir='ltr' id='par_1_5' title="bbox 0 0 1514 4958">
     <span class='ocr_line' id='line_1_42' title="bbox 0 0 1514 4958; baseline 0 1"><span class='ocrx_word' id='word_1_311' title='bbox 0 0 1514 4958; x_wconf 95' lang='lat' dir='ltr'> </span> 
     </span>
    </p>
   </div>
  </div>
 </body>
</html>
