3042 4956
345 439 409 504 240
694 445 879 502 CORNELII
892 445 1019 502 TAClTI

1207 551 1228 580 a.
1237 553 1261 581 u.
1271 543 1316 584 sos.
1326 545 1372 584 sm.

344 609 494 684 solerent,
517 615 606 670 extra
623 603 763 668 culinam
785 603 920 669 honores
941 605 1097 690 promisit3
1122 608 1178 672 sed
1199 610 1308 674 deerat
1324 635 1375 676 ro-

343 703 403 768 bur
414 700 535 777 aetatis,
549 721 621 764 eum
634 697 769 783 primum
782 699 999 784 magistratum
1013 701 1265 784 capessentibus:
1278 704 1374 790 igitur

342 799 426 863 Nero
444 805 588 882 praetura
604 792 784 880 perfunctos
802 804 834 856 ct
851 793 1041 878 experientia
1057 794 1205 879 probatos
1224 799 1352 886 delegit.

293 912 326 959 sc
407 891 585 955 Damnatus
599 888 700 952 isdem
713 886 894 951 consulibus
907 885 1079 972 Vipsanius
1092 889 1221 956 Laenas
1240 892 1282 956 ob
1299 891 1375 958 Sar-

343 986 460 1050 diniam
478 982 669 1068 provinciam
687 1001 779 1044 avare
797 979 935 1045 habitam
941 1005 950 1058 ;
969 980 1132 1046 absolutus
1151 983 1280 1050 Cestius
1295 985 1375 1051 Pro-

343 1079 432 1144 culus
459 1076 714 1162 repetundarum,
747 1072 949 1138 Cretensibus
975 1075 1210 1155 accusantibus3
1239 1077 1373 1144 Clodius

343 1171 529 1257 Quirinalis,
556 1170 641 1253 quod
666 1167 843 1253 praefectus
865 1169 1029 1255 remigum
1042 1170 1097 1252 qui
1118 1169 1291 1238 Ravennae
1317 1173 1375 1238 ha·

342 1268 503 1342 berentur,
526 1264 611 1329 velut
634 1263 772 1326 infimam
793 1262 956 1326 nationum
976 1263 1101 1328 Italiam
1123 1265 1248 1330 luxuria
1272 1269 1375 1332 saevi-

342 1363 447 1444 tiaque
461 1358 684 1434 afflictavisset,
700 1377 820 1421 veneno
834 1357 1066 1422 damnationem
1079 1359 1196 1424 anteiit.
1217 1359 1372 1426 Caninius

341 1455 487 1531 Rebilus,
507 1475 546 1518 ex
563 1452 751 1538 primoribus
773 1451 885 1536 peritia
901 1452 1008 1538 legum
1030 1462 1062 1518 et
1078 1455 1230 1539 pecuniae
1248 1458 1375 1543 magni-

341 1549 461 1625 tudine,
492 1547 647 1610 crueiatus
670 1567 784 1631 aegrae
811 1554 955 1610 senectae
977 1547 1075 1612 misso
1100 1569 1156 1633 per
1177 1571 1277 1616 venas
1301 1575 1374 1616 san-

340 1642 435 1728 guine
452 1639 578 1726 effugit,
602 1639 687 1702 haud
704 1639 840 1704 creditus
864 1639 1010 1705 sufficere
1028 1642 1068 1705 ad
1091 1644 1301 1709 constantiam
1320 1669 1374 1710 su-

340 1734 472 1798 mendae
497 1733 620 1810 mortis,
647 1731 688 1797 ob
713 1731 872 1797 libidines·
886 1734 1077 1800 muliebriter
1101 1736 1243 1815 infamis3
1271 1749 1305 1803 at
1329 1740 1373 1804 L.

340 1827 492 1894 Volusius
518 1827 647 1914 egregia
671 1826 757 1891 fama
783 1828 953 1906 concessit,
980 1829 1032 1894 cui
1057 1839 1120 1896 tres
1143 1841 1174 1895 et
1198 1834 1374 1919 nonaginta

341 1923 414 1988 anni
436 1922 571 2007 spatium
597 1920 724 1984 vivendi
748 1921 998 2007 praecipuaeque
1024 1945 1100 2009 opes
1126 1923 1217 1990 bonis
1240 1927 1372 2005 artibus,

341 2016 497 2082 inoffensa
513 2025 560 2082 tot
577 2016 798 2100 imperatorum
816 2015 935 2081 malitia
952 2016 1022 2082 fuit.

291 2133 321 2182 31
405 2111 531 2177 Nraorn
549 2134 669 2187 masau,
693 2111 733 2174 L.
757 2108 870 2175 Prsosa
893 2111 1075 2176 consulibus
1096 2134 1197 2198 pauca
1218 2116 1373 2180 memoria

341 2208 438 2293 digna
459 2226 604 2280 evenere,
632 2204 693 2267 nisi
719 2204 770 2268 cui
795 2203 892 2269 libeat
912 2203 1077 2270 laudandis
1104 2206 1319 2273 fundamentis
1342 2219 1374 2274 et

341 2299 496 2375 trabibus,
520 2298 590 2381 quis
612 2298 728 2362 molem
750 2294 972 2382 amphitheatri
990 2300 1075 2384 apud
1092 2321 1238 2385 eampum
1254 2300 1372 2368 Martis

342 2393 462 2458 Caesar
489 2401 680 2468 extruxerat,
708 2390 867 2456 volumina
891 2392 1034 2478 implere,
1063 2415 1134 2458 cum
1156 2417 1196 2460 ex
1217 2395 1372 2482 dignitate

339 2484 448 2571 populi
465 2484 601 2550 Romani
621 2495 779 2569 repertum
801 2485 841 2548 sit
862 2507 912 2550 res
935 2485 1071 2552 illustres
1094 2486 1272 2566 annalibus,
1296 2490 1373 2556 talia

340 2579 458 2642 diurnis
480 2577 567 2642 urbis
590 2577 667 2641 actis
685 2577 843 2644 mandare.
871 2588 1009 2644 ceterum
1031 2580 1170 2645 coloniae
1189 2580 1302 2668 Capua
1324 2594 1373 2648 at-

339 2694 401 2756 que
413 2670 548 2736 Nuceria
561 2669 675 2734 additis
688 2671 845 2736 veteranis
858 2672 999 2738 firmatae
1013 2686 1099 2752 sunt,
1117 2675 1281 2760 plebeique
1296 2699 1372 2742 oon-

339 2766 472 2852 giarium
486 2763 693 2849 quadringeni
705 2766 827 2830 nummi
838 2767 955 2832 viritim
968 2768 1042 2846 dati,
1057 2777 1089 2834 et
1102 2770 1280 2834 sestertium
1293 2793 1372 2854 qua·

339 2859 530 2947 dringentics
545 2859 663 2924 aerario
676 2859 807 2924 inlatum
821 2861 923 2925 estad
936 2862 1130 2928 retinendam
1142 2863 1250 2949 populi
1263 2863 1370 2930 fidem.

340 2954 475 3041 vectigal
497 2973 621 3038 quoque
639 2953 766 3037 quintae
784 2963 816 3019 et
832 2955 1000 3020 vicesimae
1021 2957 1179 3022 venalium
1197 2957 1372 3042 mancipio-

338 3073 408 3115 rum
426 3050 602 3128 remissum,
621 3049 724 3135 specie
736 3049 843 3138 ¹magis
861 3072 956 3133 quam
973 3051 1014 3128 vi,
1034 3053 1117 3134 quia,
1136 3074 1209 3117 cum
1226 3053 1373 3120 venditor

339 3145 476 3230 pendere
494 3143 665 3222 iuberetur,
689 3145 721 3208 in
743 3153 864 3230 partem
885 3145 977 3229 pretii
998 3145 1191 3231 emptoribus
1210 3168 1372 3212 accresce-

339 3238 403 3302 bat.
427 3239 522 3303 edixit
537 3236 657 3304 Cacsar
675 3261 715 3303 ne
733 3238 803 3322 quis
817 3239 1018 3325 magistratus
1037 3248 1091 3304 aut
1103 3248 1295 3325 procurator,
1314 3241 1371 3325 qui

338 3331 532 3412 provinciam
555 3330 721 3408 obtineret,
746 3331 958 3417 spectaculum
980 3332 1188 3419 gladiatorum
1211 3343 1265 3398 aut
1286 3333 1372 3400 fera·

338 3443 408 3484 rum
427 3431 481 3484 aut
498 3423 583 3504 quod
597 3424 682 3487 aliud
694 3425 849 3489 ludicrum
868 3427 986 3505 ederet3
1004 3450 1079 3492 nam
1090 3437 1163 3492 ante
1182 3450 1246 3492 non
1263 3428 1370 3494 minus

338 3516 393 3580 tali
405 3516 569 3601 largitione
583 3537 677 3600 quam
691 3516 893 3604 corripiendis
911 3521 1051 3607 pecuniis
1071 3521 1227 3587 subiectos
1246 3521 1371 3608 afflige-

340 3611 428 3688 bant,
452 3611 527 3674 dum
545 3632 626 3694 quae
643 3610 772 3677 libidine
790 3613 1007 3698 deliquerant„
1021 3615 1140 3680 ambitu
1157 3625 1368 3702 propugnant.

288 3728 320 3777 aa
402 3706 536 3772 Factum
559 3714 591 3770 ct
613 3715 740 3771 senatus
762 3708 939 3772 consultum
962 3709 1072 3775 ultioni
1092 3709 1181 3774 iuxta
1199 3719 1230 3774 et
1252 3709 1371 3774 securi-

340 3802 409 3880 tati,
431 3810 468 3865 ut
489 3801 517 3867 si
538 3800 608 3885 quis
626 3801 729 3866 esuis
752 3801 850 3866 servis
872 3802 1055 3870 interfectus
1078 3813 1175 3881 esset,
1198 3803 1221 3868 ii
1242 3825 1369 3887 quoquc

340 3897 394 3980 qui
420 3905 606 3962 testamento
633 3896 817 3962 manumissi
843 3895 902 3962 sub
925 3898 1035 3962 eodem
1058 3907 1140 3964 tecto
1166 3898 1368 3975 mansissent,

338 3992 420 4056 inter
442 4013 549 4056 servos
576 3991 729 4078 supplicia
754 3991 932 4076 penderent.
959 3992 1100 4057 redditur
1124 3992 1225 4057 ordini
1246 3991 1369 4056 Lurius

340 4084 444 4150 Vama
464 4087 649 4163 consularia,
673 4087 821 4152 avaritiae
839 4086 1019 4152 criminibus
1042 4087 1115 4152 olim
1133 4087 1308 4172 perculsus.
1336 4099 1370 4150 et

340 4175 515 4262 Pomponia
534 4177 702 4256 Graecina,
725 4182 857 4268 insignis
875 4181 1005 4259 femina,
1028 4181 1168 4260 Plautio,
1190 4181 1246 4265 qui
1268 4202 1368 4248 ovans
