2960 4962
403 443 610 501 ANNALIUM
626 443 701 498 LIB.
715 445 768 500 ΠΙ.
785 445 905 502 49-53.
1103 435 1166 502 103

129 548 150 585 ρ.
161 533 206 574 cn.
218 536 257 574 ιι.
271 537 304 574 rr.

128 603 191 667 sibi
220 601 414 688 ambagibus
441 601 527 686 apud
553 611 695 666 senatum
716 602 884 682 incusavit,
911 625 983 670 cum
1005 605 1165 672 extolleret

128 697 290 783 pietatem
311 695 455 780 quamvis
472 696 613 760 modicas
635 697 784 783 principis
807 697 935 764 iniurias
958 699 1068 765 acriter
1089 699 1166 765 ulci-

128 790 308 867 scentium,
335 790 555 875 deprecaretur
570 799 636 854 tam
652 791 832 877 praecipitis
850 791 1016 858 verborum
1033 815 1166 879 poenas:

128 885 282 949 laudaret
288 882 458 969 Lepidum,
472 905 574 966 neque
584 881 759 976 Agrippam
773 895 926 972 argueret
945 885 1166 973 igiturfaotum
1263 947 1267 958 .

128 978 464 1044 senatusconsultum
486 999 526 1042 ne
544 978 669 1043 decreta
689 989 813 1064 patrum
831 991 903 1045 ante
921 981 1005 1046 diem
1022 983 1167 1048 deamata

129 1073 171 1137 ad
198 1073 360 1138 aerarium
391 1071 586 1136 deferrentur
615 1073 710 1156 idque
735 1074 818 1138 vitae
850 1075 986 1160 spatium
1012 1075 1167 1140 damnatis

128 1176 373 1253 prorogaretur:
405 1167 551 1230 sednon
578 1167 699 1231 senatui
725 1166 853 1233 libertas
879 1169 920 1233 ad
945 1169 1168 1254 paenitendum

129 1270 213 1337 erat,
235 1283 340 1344 neque
359 1259 504 1325 Tiberius
522 1260 686 1325 interiectu
703 1262 852 1347 temporis
869 1261 1081 1349 mitigabatur.

197 1354 242 1420 O.
263 1352 436 1431 Snmrcros,
458 1353 502 1418 D.
521 1353 678 1419 Hernicus
696 1355 842 1420 consules
860 1365 1047 1441 sequuntur,
1069 1356 1168 1422 intur·
1186 1379 1217 1426 sa

130 1446 229 1513 bidus
250 1448 388 1514 externis
405 1447 500 1512 rebus
518 1470 634 1525 annus,
658 1449 743 1514 domi
760 1460 907 1536 suspecta
929 1453 1094 1518 severitate
1111 1451 1167 1516 ad-

132 1563 264 1607 versum
282 1543 408 1619 luxum,
430 1542 485 1626 qui
501 1542 680 1608 inmensum
700 1556 884 1630 proruperat
904 1546 946 1610 ad
966 1555 1079 1612 cuneta
1096 1546 1166 1631 quis

130 1636 270 1718 pecunia
283 1635 469 1722 prodigitur.
492 1637 549 1700 sed
562 1635 625 1700 alia
640 1647 833 1722 sumptuum,
851 1639 995 1722 quamvis
1012 1639 1165 1727 graviora,

133 1729 343 1794 dissimulatis
369 1729 553 1814 plerumque
578 1731 688 1815 pretiis
714 1731 961 1798 occultabantur:
992 1734 1109 1800 ventris
1136 1744 1168 1798 et

132 1845 256 1907 ganeae
265 1834 396 1909 paratus
411 1823 551 1888 adsiduis
566 1823 761 1890 sermonibus
775 1825 894 1912 vulgati
907 1826 1046 1894 fecerant
1059 1848 1167 1892 curam

134 1938 172 1980 ne
189 1917 341 2002 princeps
360 1917 507 2000 antiquae
528 1918 738 2003 parsimoniae
755 1919 864 1984 durius
882 1921 1071 1998 adverteret3
1094 1943 1167 1984 nam

133 2009 305 2096 incipiente
333 2011 372 2077 C.
400 2012 516 2076 Bibulo
542 2013 637 2078 ceteri
663 2035 788 2096 quoque
814 2013 931 2078 aediles
957 2013 1168 2078 disseruerunt

136 2107 242 2189 sperni
260 2105 489 2191 sumptuariam
504 2105 608 2192 legem
625 2107 783 2189 vetitaque
801 2106 981 2170 utensilium
999 2106 1097 2191 pretia
1114 2127 1169 2170 au-

135 2199 202 2283 geri
220 2200 254 2264 in
271 2200 341 2264 dies
359 2221 418 2264 nee
435 2199 643 2265 mediocribus
661 2201 807 2264 remediis
831 2199 899 2264 sisti
916 2221 1025 2285 posse3
1047 2208 1079 2264 et
1096 2221 1169 2264 cona

138 2293 210 2357 sulti
231 2303 339 2380 patres
361 2294 519 2381 integrum
541 2295 575 2359 id
595 2294 756 2382 negotium
780 2295 821 2359 ad
841 2293 1014 2381 principem
1040 2294 1169 2360 distule-

136 2397 215 2452 rant
247 2389 306 2453 sed
328 2387 475 2453 Tiberius
502 2410 596 2473 saepe
623 2389 708 2474 apud
729 2411 763 2454 se
789 2389 945 2474 pensitato
966 2411 1007 2454 an
1033 2389 1168 2454 coerceri

138 2489 201 2544 tarn
217 2482 369 2568 profusae
383 2483 545 2568 cupidines
558 2475 697 2569 possent,
716 2507 792 2548 num
810 2484 955 2550 coercitio
971 2485 1043 2570 plus
1061 2483 1167 2550 damni

138 2573 170 2636 in
186 2599 254 2641 rem
271 2575 434 2661 publicam
450 2576 559 2655 ferret,
583 2599 678 2660 quam
694 2577 876 2658 indecorum
894 2579 1066 2644 adtrectare
1083 2578 1168 2662 quod

138 2689 201 2732 non
218 2669 374 2734 obtineret
392 2669 442 2734 vel
458 2679 613 2735 retentum
630 2671 834 2757 ignominiam
857 2681 889 2737 et
905 2672 1067 2738 infamiam
1086 2673 1167 2736 viro-

139 2785 206 2828 rum
230 2764 412 2828 inlustrium
437 2776 594 2850 posceret,
626 2775 785 2851 postremo
811 2767 930 2832 litteras
957 2767 998 2831 ad
1024 2775 1167 2832 senatum

140 2859 328 2945 composuit,
347 2881 479 2942 quarum
497 2860 676 2925 sententia
667 2884 702 2925 ιιι
717 2861 802 2926 hunc
819 2862 948 2926 modum
966 2860 1039 2924 fuit:

202 2952 347 3032 „Ceteris
362 2952 514 3018 forsitan'
505 2976 539 3017 m
555 2953 660 3031 rebus,
678 2963 783 3040 patres
797 2953 974 3038 conscripti,
993 2954 1095 3038 magis
1114 2976 1168 3018 ex·
1186 2975 1218 3020 53

139 3045 242 3127 pediat
264 3069 317 3111 me
339 3069 444 3111 coram
465 3047 650 3134 interrogari
672 3057 703 3111 et
725 3048 829 3111 dicere
851 3047 926 3129 quid
949 3067 966 3110 e
988 3044 1212 3131 republica

140 3159 299 3205 censeam:
326 3140 359 3204 in
381 3141 441 3205 hac
465 3141 615 3207 relatione
642 3140 785 3206 subtrahi
811 3139 919 3204 oculos
942 3158 1030 3202 meos
1056 3138 1168 3203 melius

140 3227 209 3311 fuit,
227 3256 271 3298 ne
289 3233 510 3300 denotantibus
527 3234 618 3302 vobis
637 3257 693 3300 ora
710 3255 748 3300 ac
765 3240 885 3296 metum
903 3231 1097 3318 singulorum
1114 3232 1168 3316 qui

15 3397 19 3404 ,
140 3329 278 3410 pudendi
303 3328 397 3394 luxus
423 3340 642 3416 arguerentur,
668 3329 737 3414 ipse
764 3328 858 3392 etiam
884 3328 1024 3392 viderem
1050 3349 1104 3394 eos
1131 3349 1169 3392 ao

141 3423 223 3488 velut
236 3424 473 3509 deprenderem.
496 3425 583 3508 quod
601 3424 629 3490 si
641 3446 765 3488 mecum
779 3433 851 3488 ante
864 3423 922 3488 viri
937 3423 1064 3501 suenni,
1083 3421 1168 3488 aedi-

141 3513 192 3594 les,
212 3517 380 3582 consilium
392 3517 588 3593 habuissent,
606 3518 713 3583 nescio
727 3541 768 3582 an
781 3541 933 3584 suasurus
945 3517 1060 3584 fuerim
1076 3517 1168 3582 omit-

141 3619 201 3676 tere
226 3613 335 3696 potius
357 3612 591 3702 praevalidaet
578 3611 719 3677 tadulta
740 3612 816 3678 vitia
837 3635 933 3696 quam
954 3611 1015 3677 hoc
1036 3609 1168 3692 adsequi
1260 3639 1268 3652 ¹

141 3714 173 3768 ut
187 3707 295 3791 palam
317 3706 406 3771 fieret
426 3695 541 3790 quibus
559 3706 716 3792 flagitiis
707 3729 842 3793 rmpares
865 3728 1017 3772 essemus.
1046 3703 1102 3768 sed
1123 3702 1169 3766 illi

141 3801 266 3880 quidem
283 3801 388 3866 officio
406 3801 507 3866 functi
524 3812 611 3879 sunt,
634 3812 669 3866 ut
686 3812 805 3867 ceteros
824 3821 949 3884 quoque
966 3796 1167 3882 magistratus

141 3915 195 3960 sua
220 3895 332 3960 munia
356 3895 487 3981 implere
512 3895 621 3974 velim3
648 3896 725 3960 mihi
751 3904 805 3959 aut
806 3916 856 3958 ern
877 3913 980 3975 neque
1001 3889 1167 3954 honestum

141 3987 229 4055 silere
255 4011 360 4074 neque
386 3990 530 4076 proloqui
555 3992 750 4077 expeditum,
781 3988 856 4071 quia
885 4008 949 4051 non
979 3983 1088 4049 aedilis
1114 3994 1169 4051 aut

141 4086 291 4168 praetoris
309 4095 364 4151 aut
381 4087 519 4152 consulis
531 4088 629 4172 partis
644 4085 797 4152 sustineo:
815 4081 917 4146 maius
931 4080 1049 4165 aliquid
1066 4090 1097 4146 et
1114 4103 1168 4146 ex-

141 4181 252 4248 celsius
271 4205 292 4247 a
307 4182 449 4268 principe
470 4182 660 4268 postulatum
682 4188 804 4244 etcum
825 4187 909 4244 reete
932 4177 1084 4242 factorum
1107 4176 1167 4244 sibi
