2960 4962
392 445 604 506 ANNALIUM
622 447 697 504 LIB.
712 449 764 507 ΠΙ.
782 451 902 506 39-43.
1116 442 1159 508 99

115 555 135 592 ρ.
145 541 187 582 cs.
198 543 236 582 ar.

113 633 194 686 rum,
214 609 384 697 gravitate
397 607 524 686 fenoris,
545 605 674 672 saevitia
687 627 724 672 ac
742 607 889 693 superbia
901 611 1158 694 praesidentium

113 714 144 770 et
160 704 361 770 discordare
382 702 514 766 militem
536 701 643 766 audito
661 699 844 768 Germanici
865 705 975 784 exitio;
990 708 1161 794 egregium

112 798 338 863 resumendae
355 795 490 861 libertati
504 805 637 881 tempus,
657 796 684 861 si
700 795 762 881 ipsi
778 796 939 874 florentes,
958 819 1054 883 quam
1069 801 1160 887 inops

112 892 219 969 ltalia,
241 913 348 976 quarn
365 889 489 955 inbellis
506 888 627 954 urbana
642 889 754 976 plebis,
772 890 850 956 nibil
867 892 1007 958 validum
1023 893 1058 958 in
1074 915 1162 960 exer-

112 985 234 1051 citibus
255 985 326 1050 nisi
342 985 429 1068 quod
446 994 610 1050 externum
627 985 810 1070 cogitarent.
850 1053 852 1058 ,

176 1078 295 1144 Haud
312 1079 413 1144 ferme
433 1079 502 1144 ulla
515 1078 625 1142 civitas
643 1079 760 1144 intacta
782 1080 954 1146 seminibus
973 1081 1040 1147 eius
1058 1092 1161 1148 motus
1179 1103 1210 1150 41

111 1173 189 1252 fuit3
211 1175 280 1240 sed
299 1195 430 1258 erupere
447 1172 541 1258 pn'mi
557 1171 723 1238 Andecavi
740 1196 778 1238 ae
792 1174 925 1254 Turoni3
943 1197 1076 1260 quorum
1093 1175 1162 1240 An·

114 1268 263 1334 decavos
285 1267 411 1332 Acilius
424 1265 541 1331 Aviola
557 1267 691 1353 legatus,
710 1268 813 1334 exeita
830 1268 957 1334 cohorte
974 1292 1054 1354 quae
1071 1271 1164 1357 Lug·

114 1363 194 1427 duni
213 1361 418 1448 praesidium
435 1359 589 1448 agitabat,
608 1362 761 1441 coercuit3
780 1361 900 1428 Turoni
916 1363 1087 1451 legionario
1105 1366 1163 1430 mi-

114 1456 171 1521 lite
194 1478 303 1540 quem
325 1455 478 1522 Visellius
500 1454 616 1532 Varro,
639 1455 793 1522 inferioris
818 1455 1006 1524 Germaniae
1027 1459 1160 1547 legatus,

116 1550 272 1629 miserat,
297 1547 442 1638 oppressi
464 1550 576 1614 eodem
592 1549 710 1616 Aviola
731 1551 811 1616 duce
829 1563 860 1617 et
876 1553 1066 1637 quibusdam
1084 1551 1163 1621 Gal·

117 1643 238 1710 liarum
258 1644 466 1731 primoribus,
489 1644 545 1728 qui
561 1643 659 1710 tudere
677 1645 828 1716 auxilium
850 1669 913 1730 quo
930 1649 1162 1716 dissimularent

119 1738 343 1804 defectionem
363 1739 528 1824 magisque
550 1739 744 1826 intempore
768 1741 926 1820 efferrent3
954 1752 1112 1829 spectatus
1130 1752 1162 1810 et

120 1829 280 1898 Sacrovir
296 1833 414 1898 intecto
432 1832 532 1918 capite
544 1855 685 1919 pugnam
702 1855 760 1920 pro
772 1833 925 1902 Romanis
943 1837 1038 1914 ciens,
1058 1847 1162 1904 osten-

121 1929 257 2006 tandae,
281 1937 318 1993 ut
340 1927 475 2006 ferebat,
497 1927 635 2007 virtutis3
663 1929 721 1993 sed
741 1929 872 2015 captivi,
893 1951 933 1994 ne
954 1930 1163 1996 incesseretur

122 2021 210 2100 telis,
240 2022 503 2108 adgnoscendum
525 2044 559 2087 se
580 2021 764 2108 praebuisse
786 2022 969 2109 arguebant
1000 2023 1162 2088 consultus

124 2137 222 2200 super
245 2139 285 2182 eo
304 2115 452 2183 Tiberius
475 2128 660 2202 aspernatus
683 2125 732 2182 est
748 2116 900 2182 indicium
917 2115 1055 2200 aluitque
1073 2114 1164 2181 dubi-

125 2211 247 2278 tatione
266 2210 397 2277 bellum.
790 2281 793 2288 Δ

188 2305 326 2370 Interim
337 2305 452 2370 Florus
465 2305 609 2372 insistere
622 2299 796 2383 destinatis,
815 2304 960 2391 pellicere
973 2304 1056 2370 alam
1073 2304 1161 2389 equi·
1180 2325 1212 2372 42

127 2411 205 2478 tum,
220 2421 304 2484 quae
318 2400 495 2486 conscripta
504 2422 521 2466 a
530 2399 677 2465 Treveris
691 2400 802 2466 militia
816 2399 1043 2485 disciplinaque
1056 2409 1163 2466 nostra

127 2491 320 2572 habebatur,
342 2503 379 2558 ut
396 2493 496 2560 caesis
513 2493 761 2580 negotiatoribus
778 2494 932 2560 Romanis
949 2493 1068 2560 bellum
1085 2493 1162 2559 inci-

127 2599 230 2672 peret;
252 2588 410 2675 paucique
433 2588 573 2672 equitum
595 2589 747 2674 corrupti,
769 2588 875 2676 plures
897 2588 930 2654 in
951 2588 1056 2655 officio
1074 2611 1163 2654 man·

129 2704 211 2748 sere:
230 2683 320 2748 aliud
336 2683 453 2768 vulgus
471 2681 692 2748 obaeratorum
710 2692 766 2748 aut
783 2682 943 2748 clientium
960 2707 1049 2748 arma
1065 2683 1161 2768 cepit3

128 2777 342 2862 petebantque
365 2776 463 2842 saltus
486 2775 600 2860 quibus
623 2799 738 2842 nomen
760 2773 948 2855 Arduenna,
972 2799 1045 2842 cum
1065 2776 1164 2862 legio-

130 2893 184 2937 nes
206 2883 342 2955 utroque
365 2871 405 2937 ab
427 2871 580 2949 exercitu,
603 2893 683 2955 quas
700 2871 851 2938 Visellius
874 2881 906 2936 et
928 2870 967 2936 O.
987 2869 1086 2937 Silius
1108 2870 1164 2935 ad-

130 2967 228 3032 versis
241 2964 408 3032 itineribus
422 2964 609 3044 obiecerant,
624 2975 805 3044 arcuerunt3
822 2965 1078 3051 praemissusque
1091 2985 1163 3028 cum

130 3058 250 3126 delecta
268 3081 368 3126 manu
379 3059 479 3124 Iulius
492 3059 592 3126 Indus
610 3082 628 3124 e
646 3059 772 3125 civitate
791 3060 911 3134 eadem,
930 3057 1051 3122 discors
1068 3056 1096 3120 F
1096 3056 1164 3121 loro

131 3163 161 3218 et
182 3154 224 3220 ob
246 3155 283 3219 id
303 3154 467 3220 navandae
485 3175 598 3239 operae
620 3153 755 3229 avidior,
780 3151 974 3216 inconditam
990 3148 1164 3214 multitudi-

131 3269 202 3313 nem
224 3248 331 3314 adhue
353 3248 484 3314 disiecit.
510 3248 625 3314 Florus
642 3246 769 3312 incertis
791 3243 920 3311 latebris
942 3243 1076 3310 victores
1098 3242 1164 3308 sru-

132 3351 257 3422 stratus,
276 3352 436 3428 postremo
448 3343 525 3410 risis
538 3340 690 3408 militibus
704 3340 758 3425 qui
772 3339 891 3426 effugia
903 3339 1091 3418 insederant,
1107 3359 1165 3404 sua

10 3511 11 3516 γ
130 3457 227 3504 manu
245 3438 374 3516 cecidit3
392 3438 483 3522 isque
501 3435 662 3504 Treverici
679 3435 832 3502 tumultus
849 3435 931 3501 finis.

191 3532 295 3619 Apud
306 3531 440 3598 Aeduos
457 3532 559 3598 maior
572 3531 671 3596 moles
685 3541 803 3609 exorta,
821 3540 939 3615 quanto
957 3529 1068 3596 civitas
1086 3551 1165 3615 opu·
1182 3548 1215 3596 43

130 3624 240 3692 lentior
253 3637 286 3692 et
299 3627 525 3714 comprimendi
537 3625 647 3713 procul
659 3626 861 3712 praesidium.
883 3625 1163 3713 Augustodunum,

131 3732 223 3807 caput
239 3722 362 3808 gentis,
386 3721 512 3788 armatis
535 3720 715 3786 cohortibus
735 3719 883 3787 Sacrovir
905 3726 1114 3804 occupaverat
1131 3725 1164 3778 et

130 3815 361 3882 nobilissimam
387 3813 562 3882 Galliarum
588 3814 755 3904 subolem,
770 3812 953 3880 liberalibus
980 3809 1092 3875 studiis
1111 3807 1164 3903 'ibi

130 3922 306 3998 operatam,
332 3921 370 3976 ut
395 3934 433 3978 eo
457 3912 589 3998 pignore
610 3921 756 3998 parentes
779 3909 1034 3994 propinquosque
1057 3922 1164 3968 eorum

129 4008 329 4094 adiungeret3
345 4005 439 4071 simul
452 4030 540 4072 arma
553 4006 674 4072 occulte
688 4002 841 4069 fabricata
849 3998 1004 4064 iuventuti
1012 3996 1164 4082 dispertit.

128 4101 340 4188 quadraginta
351 4101 439 4166 milia
451 4100 550 4178 fuere,
568 4101 679 4184 quinta
692 4097 743 4162 sui
756 4104 845 4181 perte
862 4091 1040 4180 legionariis
1058 4091 1164 4167 armis,

128 4197 223 4263 ceteri
250 4219 326 4262 cum
352 4195 517 4262 venabulis
540 4204 572 4262 et
593 4193 700 4260 cultris
723 4211 867 4276 quaeque
894 4188 955 4272 alia
976 4187 1163 4254 venantibus

946 4289 989 4354 7*
