<?xml version="1.0" encoding="UTF-8"?>
<!DOCTYPE html PUBLIC "-//W3C//DTD XHTML 1.0 Transitional//EN"
    "http://www.w3.org/TR/xhtml1/DTD/xhtml1-transitional.dtd">
<html xmlns="http://www.w3.org/1999/xhtml" xml:lang="en" lang="en">
 <head>
  <title>
</title>
<meta http-equiv="Content-Type" content="text/html;charset=utf-8" />
  <meta name='ocr-system' content='tesseract 3.04.00' />
  <meta name='ocr-capabilities' content='ocr_page ocr_carea ocr_par ocr_line ocrx_word'/>
</head>
<body>
  <div class='ocr_page' id='page_1' title='image "./corneliitacitio00haasgoog_0113.png"; bbox 0 0 2958 4960; ppageno 0'>
   <div class='ocr_carea' id='block_1_1' title="bbox 282 425 1366 566">
    <p class='ocr_par' dir='ltr' id='par_1_1' title="bbox 282 425 1366 566">
     <span class='ocr_line' id='line_1_1' title="bbox 282 425 1022 512; baseline -0.007 -19"><span class='ocrx_word' id='word_1_1' title='bbox 282 505 286 512; x_wconf 40' lang='lat'><strong>,</strong></span> <span class='ocrx_word' id='word_1_2' title='bbox 344 425 386 492; x_wconf 84' lang='lat'><strong>36</strong></span> <span class='ocrx_word' id='word_1_3' title='bbox 696 432 1022 492; x_wconf 71' lang='lat' dir='ltr'><strong>conumnraorrr</strong></span> 
     </span>
     <span class='ocr_line' id='line_1_2' title="bbox 1262 527 1366 566; baseline 0.019 -2"><span class='ocrx_word' id='word_1_4' title='bbox 1262 535 1283 564; x_wconf 75' lang='grc' dir='ltr'><strong>ι.</strong></span> <span class='ocrx_word' id='word_1_5' title='bbox 1294 536 1314 566; x_wconf 84' lang='lat' dir='ltr'><strong>n.</strong></span> <span class='ocrx_word' id='word_1_6' title='bbox 1324 527 1366 566; x_wconf 75' lang='grc'><strong>768.</strong></span> 
     </span>
    </p>
   </div>
   <div class='ocr_carea' id='block_1_2' title="bbox 295 591 1381 3695">
    <p class='ocr_par' dir='ltr' id='par_1_2' title="bbox 343 591 1374 1336">
     <span class='ocr_line' id='line_1_3' title="bbox 344 591 1369 680; baseline 0 -22"><span class='ocrx_word' id='word_1_7' title='bbox 344 597 444 660; x_wconf 88' lang='lat' dir='ltr'><strong>donec</strong></span> <span class='ocrx_word' id='word_1_8' title='bbox 465 591 667 680; x_wconf 83' lang='lat' dir='ltr'><strong>expugnandi</strong></span> <span class='ocrx_word' id='word_1_9' title='bbox 688 592 796 658; x_wconf 91' lang='lat' dir='ltr'><strong>hostes</strong></span> <span class='ocrx_word' id='word_1_10' title='bbox 820 613 876 678; x_wconf 90' lang='lat' dir='ltr'><strong>spe</strong></span> <span class='ocrx_word' id='word_1_11' title='bbox 897 592 1026 677; x_wconf 90' lang='lat' dir='ltr'><strong>propius</strong></span> <span class='ocrx_word' id='word_1_12' title='bbox 1050 594 1270 672; x_wconf 89' lang='lat' dir='ltr'><strong>succederent;</strong></span> <span class='ocrx_word' id='word_1_13' title='bbox 1297 617 1369 660; x_wconf 85' lang='lat' dir='ltr'><strong>mox</strong></span> 
     </span>
     <span class='ocr_line' id='line_1_4' title="bbox 343 685 1369 773; baseline -0.004 -17"><span class='ocrx_word' id='word_1_14' title='bbox 343 691 480 773; x_wconf 88' lang='lat' dir='ltr'><strong>undique</strong></span> <span class='ocrx_word' id='word_1_15' title='bbox 494 687 733 773; x_wconf 91' lang='lat' dir='ltr'><strong>erumpendum:</strong></span> <span class='ocrx_word' id='word_1_16' title='bbox 748 685 802 750; x_wconf 94' lang='lat' dir='ltr'><strong>illa</strong></span> <span class='ocrx_word' id='word_1_17' title='bbox 815 685 976 770; x_wconf 84' lang='lat' dir='ltr'>eruptione</span> <span class='ocrx_word' id='word_1_18' title='bbox 990 686 1031 750; x_wconf 89' lang='lat' dir='ltr'><strong>ad</strong></span> <span class='ocrx_word' id='word_1_19' title='bbox 1039 685 1186 750; x_wconf 85' lang='lat' dir='ltr'>Rhenum</span> <span class='ocrx_word' id='word_1_20' title='bbox 1199 687 1369 773; x_wconf 87' lang='lat' dir='ltr'><strong>perveniri3</strong></span> 
     </span>
     <span class='ocr_line' id='line_1_5' title="bbox 344 778 1370 868; baseline -0.003 -19"><span class='ocrx_word' id='word_1_21' title='bbox 344 783 429 868; x_wconf 92' lang='lat' dir='ltr'><strong>quod</strong></span> <span class='ocrx_word' id='word_1_22' title='bbox 447 783 474 847; x_wconf 91' lang='lat' dir='ltr'><strong>si</strong></span> <span class='ocrx_word' id='word_1_23' title='bbox 491 781 650 868; x_wconf 85' lang='lat' dir='ltr'><strong>sugerent,</strong></span> <span class='ocrx_word' id='word_1_24' title='bbox 668 780 766 865; x_wconf 91' lang='lat' dir='ltr'><strong>pluris</strong></span> <span class='ocrx_word' id='word_1_25' title='bbox 785 779 897 856; x_wconf 87' lang='lat' dir='ltr'><strong>silvas,</strong></span> <span class='ocrx_word' id='word_1_26' title='bbox 917 778 1090 864; x_wconf 91' lang='lat' dir='ltr'><strong>profundas</strong></span> <span class='ocrx_word' id='word_1_27' title='bbox 1108 781 1210 866; x_wconf 90' lang='lat' dir='ltr'><strong>magis</strong></span> <span class='ocrx_word' id='word_1_28' title='bbox 1228 782 1370 866; x_wconf 88' lang='lat' dir='ltr'><strong>paludes,</strong></span> 
     </span>
     <span class='ocr_line' id='line_1_6' title="bbox 345 872 1371 961; baseline -0.006 -17"><span class='ocrx_word' id='word_1_29' title='bbox 345 877 507 944; x_wconf 84' lang='lat' dir='ltr'><strong>saevitiam</strong></span> <span class='ocrx_word' id='word_1_30' title='bbox 519 875 657 942; x_wconf 90' lang='lat' dir='ltr'><strong>hostium</strong></span> <span class='ocrx_word' id='word_1_31' title='bbox 675 895 855 959; x_wconf 82' lang='lat' dir='ltr'>superesse:</span> <span class='ocrx_word' id='word_1_32' title='bbox 873 883 906 938; x_wconf 90' lang='lat' dir='ltr'><strong>at</strong></span> <span class='ocrx_word' id='word_1_33' title='bbox 918 872 1088 939; x_wconf 88' lang='lat' dir='ltr'><strong>victoribus</strong></span> <span class='ocrx_word' id='word_1_34' title='bbox 1102 874 1208 952; x_wconf 88' lang='lat' dir='ltr'><strong>decus,</strong></span> <span class='ocrx_word' id='word_1_35' title='bbox 1227 875 1371 961; x_wconf 83' lang='lat' dir='ltr'>gloriam.</span> 
     </span>
     <span class='ocr_line' id='line_1_7' title="bbox 344 967 1374 1057; baseline -0.001 -21"><span class='ocrx_word' id='word_1_36' title='bbox 344 995 426 1057; x_wconf 88' lang='lat' dir='ltr'><strong>quae</strong></span> <span class='ocrx_word' id='word_1_37' title='bbox 444 970 530 1036; x_wconf 92' lang='lat' dir='ltr'><strong>domi</strong></span> <span class='ocrx_word' id='word_1_38' title='bbox 547 993 633 1048; x_wconf 87' lang='lat' dir='ltr'><strong>cara,</strong></span> <span class='ocrx_word' id='word_1_39' title='bbox 656 990 738 1052; x_wconf 90' lang='lat' dir='ltr'><strong>quae</strong></span> <span class='ocrx_word' id='word_1_40' title='bbox 754 968 788 1032; x_wconf 94' lang='lat' dir='ltr'><strong>in</strong></span> <span class='ocrx_word' id='word_1_41' title='bbox 805 967 916 1033; x_wconf 82' lang='lat' dir='ltr'><strong>eastris</strong></span> <span class='ocrx_word' id='word_1_42' title='bbox 937 967 1086 1046; x_wconf 87' lang='lat' dir='ltr'><strong>honesta,</strong></span> <span class='ocrx_word' id='word_1_43' title='bbox 1109 978 1277 1047; x_wconf 84' lang='lat' dir='ltr'><strong>memorat3</strong></span> <span class='ocrx_word' id='word_1_44' title='bbox 1301 970 1374 1035; x_wconf 91' lang='lat' dir='ltr'><strong>reti-</strong></span> 
     </span>
     <span class='ocr_line' id='line_1_8' title="bbox 345 1061 1374 1148; baseline -0.004 -16"><span class='ocrx_word' id='word_1_45' title='bbox 345 1068 410 1132; x_wconf 88' lang='lat' dir='ltr'><strong>cuit</strong></span> <span class='ocrx_word' id='word_1_46' title='bbox 431 1067 471 1132; x_wconf 89' lang='lat' dir='ltr'><strong>de</strong></span> <span class='ocrx_word' id='word_1_47' title='bbox 493 1064 643 1130; x_wconf 86' lang='lat' dir='ltr'><strong>adversis.</strong></span> <span class='ocrx_word' id='word_1_48' title='bbox 671 1085 770 1146; x_wconf 92' lang='lat' dir='ltr'><strong>equos</strong></span> <span class='ocrx_word' id='word_1_49' title='bbox 788 1061 915 1139; x_wconf 89' lang='lat' dir='ltr'><strong>dehinc,</strong></span> <span class='ocrx_word' id='word_1_50' title='bbox 938 1084 1029 1127; x_wconf 90' lang='lat' dir='ltr'><strong>orsus</strong></span> <span class='ocrx_word' id='word_1_51' title='bbox 1052 1085 1071 1127; x_wconf 92' lang='lat' dir='ltr'><strong>a</strong></span> <span class='ocrx_word' id='word_1_52' title='bbox 1093 1063 1173 1140; x_wconf 90' lang='lat' dir='ltr'><strong>suis,</strong></span> <span class='ocrx_word' id='word_1_53' title='bbox 1196 1063 1374 1148; x_wconf 86' lang='lat' dir='ltr'><strong>legatorum</strong></span> 
     </span>
     <span class='ocr_line' id='line_1_9' title="bbox 345 1155 1374 1243; baseline -0.003 -17"><span class='ocrx_word' id='word_1_54' title='bbox 345 1161 611 1243; x_wconf 88' lang='lat' dir='ltr'><strong>tribunorumque,</strong></span> <span class='ocrx_word' id='word_1_55' title='bbox 629 1157 715 1222; x_wconf 91' lang='lat' dir='ltr'><strong>nulla</strong></span> <span class='ocrx_word' id='word_1_56' title='bbox 728 1155 896 1221; x_wconf 79' lang='lat' dir='ltr'><strong>ambitione</strong></span> <span class='ocrx_word' id='word_1_57' title='bbox 909 1155 1081 1222; x_wconf 85' lang='lat' dir='ltr'><strong>fortissimo</strong></span> <span class='ocrx_word' id='word_1_58' title='bbox 1099 1157 1210 1240; x_wconf 87' lang='lat' dir='ltr'><strong>cuique</strong></span> <span class='ocrx_word' id='word_1_59' title='bbox 1229 1157 1374 1223; x_wconf 90' lang='lat' dir='ltr'><strong>bellatori</strong></span> 
     </span>
     <span class='ocr_line' id='line_1_10' title="bbox 345 1249 1177 1336; baseline -0.006 -16"><span class='ocrx_word' id='word_1_60' title='bbox 345 1255 451 1330; x_wconf 82' lang='lat' dir='ltr'><strong>tradit,</strong></span> <span class='ocrx_word' id='word_1_61' title='bbox 470 1263 506 1318; x_wconf 89' lang='lat' dir='ltr'><strong>ut</strong></span> <span class='ocrx_word' id='word_1_62' title='bbox 522 1253 569 1330; x_wconf 94' lang='lat' dir='ltr'><strong>hi,</strong></span> <span class='ocrx_word' id='word_1_63' title='bbox 588 1274 664 1317; x_wconf 87' lang='lat' dir='ltr'><strong>mox</strong></span> <span class='ocrx_word' id='word_1_64' title='bbox 679 1252 778 1336; x_wconf 88' lang='lat' dir='ltr'><strong>pedes</strong></span> <span class='ocrx_word' id='word_1_65' title='bbox 795 1251 829 1314; x_wconf 91' lang='lat' dir='ltr'><strong>in</strong></span> <span class='ocrx_word' id='word_1_66' title='bbox 845 1249 970 1315; x_wconf 80' lang='lat' dir='ltr'>hostem</span> <span class='ocrx_word' id='word_1_67' title='bbox 986 1250 1177 1316; x_wconf 73' lang='lat' dir='ltr'><strong>invaderent.</strong></span> 
     </span>
    </p>

    <p class='ocr_par' dir='ltr' id='par_1_3' title="bbox 295 1340 1380 3225">
     <span class='ocr_line' id='line_1_11' title="bbox 295 1340 1375 1431; baseline -0.006 -15"><span class='ocrx_word' id='word_1_68' title='bbox 295 1367 327 1416; x_wconf 85' lang='lat' dir='ltr'><strong>os</strong></span> <span class='ocrx_word' id='word_1_69' title='bbox 408 1347 507 1412; x_wconf 92' lang='lat' dir='ltr'><strong>Haud</strong></span> <span class='ocrx_word' id='word_1_70' title='bbox 528 1345 632 1410; x_wconf 87' lang='lat' dir='ltr'><strong>minus</strong></span> <span class='ocrx_word' id='word_1_71' title='bbox 657 1344 781 1428; x_wconf 89' lang='lat' dir='ltr'><strong>inquies</strong></span> <span class='ocrx_word' id='word_1_72' title='bbox 805 1340 983 1410; x_wconf 85' lang='lat' dir='ltr'><strong>Germanus</strong></span> <span class='ocrx_word' id='word_1_73' title='bbox 1007 1366 1077 1429; x_wconf 92' lang='lat' dir='ltr'><strong>spe,</strong></span> <span class='ocrx_word' id='word_1_74' title='bbox 1105 1344 1249 1431; x_wconf 87' lang='lat' dir='ltr'><strong>cupidine</strong></span> <span class='ocrx_word' id='word_1_75' title='bbox 1272 1354 1306 1409; x_wconf 88' lang='lat' dir='ltr'><strong>et</strong></span> <span class='ocrx_word' id='word_1_76' title='bbox 1327 1347 1375 1410; x_wconf 88' lang='lat' dir='ltr'><strong>di-</strong></span> 
     </span>
     <span class='ocr_line' id='line_1_12' title="bbox 345 1437 1375 1526; baseline -0.002 -21"><span class='ocrx_word' id='word_1_77' title='bbox 345 1441 444 1508; x_wconf 89' lang='lat' dir='ltr'><strong>versis</strong></span> <span class='ocrx_word' id='word_1_78' title='bbox 467 1441 583 1505; x_wconf 88' lang='lat' dir='ltr'><strong>ducum</strong></span> <span class='ocrx_word' id='word_1_79' title='bbox 605 1439 766 1505; x_wconf 88' lang='lat' dir='ltr'><strong>sententiis</strong></span> <span class='ocrx_word' id='word_1_80' title='bbox 788 1437 916 1524; x_wconf 84' lang='lat' dir='ltr'><strong>agebat,</strong></span> <span class='ocrx_word' id='word_1_81' title='bbox 939 1437 1084 1504; x_wconf 85' lang='lat' dir='ltr'><strong>Arminio</strong></span> <span class='ocrx_word' id='word_1_82' title='bbox 1107 1440 1244 1505; x_wconf 78' lang='lat' dir='ltr'><strong>sinerent</strong></span> <span class='ocrx_word' id='word_1_83' title='bbox 1265 1440 1375 1526; x_wconf 84' lang='lat' dir='ltr'><strong>egredi</strong></span> 
     </span>
     <span class='ocr_line' id='line_1_13' title="bbox 345 1533 1374 1623; baseline -0.004 -21"><span class='ocrx_word' id='word_1_84' title='bbox 345 1557 553 1623; x_wconf 82' lang='lat' dir='ltr'><strong>egressosque</strong></span> <span class='ocrx_word' id='word_1_85' title='bbox 574 1555 700 1598; x_wconf 90' lang='lat' dir='ltr'><strong>rursum</strong></span> <span class='ocrx_word' id='word_1_86' title='bbox 721 1555 778 1618; x_wconf 90' lang='lat' dir='ltr'><strong>per</strong></span> <span class='ocrx_word' id='word_1_87' title='bbox 797 1533 927 1598; x_wconf 90' lang='lat' dir='ltr'><strong>humida</strong></span> <span class='ocrx_word' id='word_1_88' title='bbox 944 1543 976 1598; x_wconf 89' lang='lat' dir='ltr'><strong>et</strong></span> <span class='ocrx_word' id='word_1_89' title='bbox 997 1533 1148 1618; x_wconf 89' lang='lat' dir='ltr'><strong>impedita</strong></span> <span class='ocrx_word' id='word_1_90' title='bbox 1168 1533 1374 1600; x_wconf 87' lang='lat' dir='ltr'><strong>circumveni-</strong></span> 
     </span>
     <span class='ocr_line' id='line_1_14' title="bbox 345 1625 1375 1713; baseline -0.003 -18"><span class='ocrx_word' id='word_1_91' title='bbox 345 1639 415 1698; x_wconf 87' lang='lat' dir='ltr'><strong>rent</strong></span> <span class='ocrx_word' id='word_1_92' title='bbox 432 1629 596 1706; x_wconf 73' lang='lat' dir='ltr'><strong>suadente,</strong></span> <span class='ocrx_word' id='word_1_93' title='bbox 620 1627 773 1692; x_wconf 89' lang='lat' dir='ltr'><strong>atrociora</strong></span> <span class='ocrx_word' id='word_1_94' title='bbox 789 1625 990 1713; x_wconf 84' lang='lat' dir='ltr'><strong>[nguiomero</strong></span> <span class='ocrx_word' id='word_1_95' title='bbox 1008 1636 1040 1691; x_wconf 90' lang='lat' dir='ltr'><strong>et</strong></span> <span class='ocrx_word' id='word_1_96' title='bbox 1056 1627 1138 1692; x_wconf 88' lang='lat' dir='ltr'><strong>laeta</strong></span> <span class='ocrx_word' id='word_1_97' title='bbox 1159 1626 1316 1705; x_wconf 88' lang='lat' dir='ltr'><strong>barbaris,</strong></span> <span class='ocrx_word' id='word_1_98' title='bbox 1339 1636 1375 1692; x_wconf 90' lang='lat' dir='ltr'><strong>ut</strong></span> 
     </span>
     <span class='ocr_line' id='line_1_15' title="bbox 345 1721 1375 1808; baseline -0.001 -21"><span class='ocrx_word' id='word_1_99' title='bbox 345 1723 463 1788; x_wconf 87' lang='lat' dir='ltr'><strong>vallum</strong></span> <span class='ocrx_word' id='word_1_100' title='bbox 481 1722 575 1788; x_wconf 88' lang='lat' dir='ltr'><strong>armis</strong></span> <span class='ocrx_word' id='word_1_101' title='bbox 594 1721 762 1788; x_wconf 78' lang='lat' dir='ltr'><strong>ambirent:</strong></span> <span class='ocrx_word' id='word_1_102' title='bbox 779 1730 956 1806; x_wconf 87' lang='lat' dir='ltr'><strong>promptam</strong></span> <span class='ocrx_word' id='word_1_103' title='bbox 969 1723 1248 1808; x_wconf 70' lang='lat' dir='ltr'><strong>expugnationem</strong></span> <span class='ocrx_word' id='word_1_104' title='bbox 1265 1723 1375 1808; x_wconf 91' lang='lat' dir='ltr'><strong>plures</strong></span> 
     </span>
     <span class='ocr_line' id='line_1_16' title="bbox 346 1816 1376 1904; baseline -0.001 -21"><span class='ocrx_word' id='word_1_105' title='bbox 346 1818 501 1904; x_wconf 86' lang='lat' dir='ltr'><strong>captivos,</strong></span> <span class='ocrx_word' id='word_1_106' title='bbox 524 1817 735 1902; x_wconf 80' lang='lat' dir='ltr'><strong>incorruptam</strong></span> <span class='ocrx_word' id='word_1_107' title='bbox 755 1816 905 1901; x_wconf 86' lang='lat' dir='ltr'><strong>praedam</strong></span> <span class='ocrx_word' id='word_1_108' title='bbox 926 1816 1003 1882; x_wconf 84' lang='lat' dir='ltr'><strong>fore.</strong></span> <span class='ocrx_word' id='word_1_109' title='bbox 1030 1816 1127 1903; x_wconf 87' lang='lat' dir='ltr'><strong>igitur</strong></span> <span class='ocrx_word' id='word_1_110' title='bbox 1144 1826 1212 1883; x_wconf 88' lang='lat' dir='ltr'><strong>orta</strong></span> <span class='ocrx_word' id='word_1_111' title='bbox 1232 1818 1283 1882; x_wconf 89' lang='lat' dir='ltr'><strong>die</strong></span> <span class='ocrx_word' id='word_1_112' title='bbox 1302 1839 1376 1904; x_wconf 92' lang='lat' dir='ltr'><strong>pro-</strong></span> 
     </span>
     <span class='ocr_line' id='line_1_17' title="bbox 345 1910 1376 1998; baseline -0.001 -20"><span class='ocrx_word' id='word_1_113' title='bbox 345 1920 440 1978; x_wconf 89' lang='lat' dir='ltr'><strong>ruunt</strong></span> <span class='ocrx_word' id='word_1_114' title='bbox 456 1911 576 1989; x_wconf 79' lang='lat' dir='ltr'><strong>fossas,</strong></span> <span class='ocrx_word' id='word_1_115' title='bbox 597 1910 729 1976; x_wconf 89' lang='lat' dir='ltr'><strong>iniciunt</strong></span> <span class='ocrx_word' id='word_1_116' title='bbox 746 1920 861 1988; x_wconf 87' lang='lat' dir='ltr'><strong>crates,</strong></span> <span class='ocrx_word' id='word_1_117' title='bbox 885 1932 1009 1975; x_wconf 86' lang='lat' dir='ltr'><strong>summa</strong></span> <span class='ocrx_word' id='word_1_118' title='bbox 1025 1910 1100 1975; x_wconf 90' lang='lat' dir='ltr'><strong>valli</strong></span> <span class='ocrx_word' id='word_1_119' title='bbox 1116 1921 1279 1998; x_wconf 87' lang='lat' dir='ltr'><strong>prensant,</strong></span> <span class='ocrx_word' id='word_1_120' title='bbox 1303 1935 1376 1977; x_wconf 90' lang='lat' dir='ltr'><strong>raro</strong></span> 
     </span>
     <span class='ocr_line' id='line_1_18' title="bbox 347 2003 1376 2093; baseline -0.002 -20"><span class='ocrx_word' id='word_1_121' title='bbox 347 2029 441 2093; x_wconf 90' lang='lat' dir='ltr'><strong>super</strong></span> <span class='ocrx_word' id='word_1_122' title='bbox 457 2006 555 2072; x_wconf 89' lang='lat' dir='ltr'><strong>milite</strong></span> <span class='ocrx_word' id='word_1_123' title='bbox 573 2015 605 2070; x_wconf 91' lang='lat' dir='ltr'><strong>et</strong></span> <span class='ocrx_word' id='word_1_124' title='bbox 621 2005 712 2091; x_wconf 87' lang='lat' dir='ltr'><strong>quasi</strong></span> <span class='ocrx_word' id='word_1_125' title='bbox 729 2003 770 2071; x_wconf 95' lang='lat' dir='ltr'><strong>ob</strong></span> <span class='ocrx_word' id='word_1_126' title='bbox 787 2013 905 2069; x_wconf 88' lang='lat' dir='ltr'><strong>metum</strong></span> <span class='ocrx_word' id='word_1_127' title='bbox 924 2003 1041 2069; x_wconf 88' lang='lat' dir='ltr'><strong>defixo:</strong></span> <span class='ocrx_word' id='word_1_128' title='bbox 1058 2015 1227 2090; x_wconf 90' lang='lat' dir='ltr'><strong>postquam</strong></span> <span class='ocrx_word' id='word_1_129' title='bbox 1243 2006 1376 2071; x_wconf 87' lang='lat' dir='ltr'><strong>haesere</strong></span> 
     </span>
     <span class='ocr_line' id='line_1_19' title="bbox 346 2099 1376 2185; baseline -0.001 -18"><span class='ocrx_word' id='word_1_130' title='bbox 346 2102 556 2179; x_wconf 88' lang='lat' dir='ltr'><strong>munimentis,</strong></span> <span class='ocrx_word' id='word_1_131' title='bbox 575 2102 667 2167; x_wconf 89' lang='lat' dir='ltr'><strong>datur</strong></span> <span class='ocrx_word' id='word_1_132' title='bbox 681 2099 860 2166; x_wconf 87' lang='lat' dir='ltr'><strong>cohortibus</strong></span> <span class='ocrx_word' id='word_1_133' title='bbox 874 2099 1009 2185; x_wconf 91' lang='lat' dir='ltr'><strong>signum,</strong></span> <span class='ocrx_word' id='word_1_134' title='bbox 1029 2101 1207 2184; x_wconf 85' lang='lat' dir='ltr'><strong>cornuaque</strong></span> <span class='ocrx_word' id='word_1_135' title='bbox 1225 2123 1262 2166; x_wconf 83' lang='lat' dir='ltr'><strong>aa</strong></span> <span class='ocrx_word' id='word_1_136' title='bbox 1279 2100 1376 2166; x_wconf 90' lang='lat' dir='ltr'><strong>tubae</strong></span> 
     </span>
     <span class='ocr_line' id='line_1_20' title="bbox 347 2191 1377 2280; baseline -0.001 -19"><span class='ocrx_word' id='word_1_137' title='bbox 347 2196 546 2274; x_wconf 89' lang='lat' dir='ltr'><strong>concinuere;</strong></span> <span class='ocrx_word' id='word_1_138' title='bbox 572 2196 646 2260; x_wconf 88' lang='lat' dir='ltr'><strong>exin</strong></span> <span class='ocrx_word' id='word_1_139' title='bbox 671 2195 806 2261; x_wconf 87' lang='lat' dir='ltr'><strong>elamore</strong></span> <span class='ocrx_word' id='word_1_140' title='bbox 828 2203 860 2259; x_wconf 89' lang='lat' dir='ltr'><strong>et</strong></span> <span class='ocrx_word' id='word_1_141' title='bbox 881 2191 1001 2279; x_wconf 90' lang='lat' dir='ltr'><strong>impetu</strong></span> <span class='ocrx_word' id='word_1_142' title='bbox 1023 2194 1120 2280; x_wconf 87' lang='lat' dir='ltr'><strong>tergis</strong></span> <span class='ocrx_word' id='word_1_143' title='bbox 1144 2192 1377 2260; x_wconf 89' lang='lat' dir='ltr'><strong>Germanorum</strong></span> 
     </span>
     <span class='ocr_line' id='line_1_21' title="bbox 347 2288 1376 2375; baseline 0 -21"><span class='ocrx_word' id='word_1_144' title='bbox 347 2289 646 2367; x_wconf 88' lang='lat' dir='ltr'><strong>circumfunduntur,</strong></span> <span class='ocrx_word' id='word_1_145' title='bbox 665 2289 888 2375; x_wconf 87' lang='lat' dir='ltr'><strong>exprobrantes</strong></span> <span class='ocrx_word' id='word_1_146' title='bbox 902 2311 966 2354; x_wconf 93' lang='lat' dir='ltr'><strong>non</strong></span> <span class='ocrx_word' id='word_1_147' title='bbox 982 2288 1034 2353; x_wconf 86' lang='lat' dir='ltr'><strong>hic</strong></span> <span class='ocrx_word' id='word_1_148' title='bbox 1052 2288 1148 2353; x_wconf 88' lang='lat' dir='ltr'><strong>silvas</strong></span> <span class='ocrx_word' id='word_1_149' title='bbox 1160 2310 1219 2353; x_wconf 93' lang='lat' dir='ltr'><strong>nec</strong></span> <span class='ocrx_word' id='word_1_150' title='bbox 1231 2288 1376 2374; x_wconf 89' lang='lat' dir='ltr'><strong>paludes,</strong></span> 
     </span>
     <span class='ocr_line' id='line_1_22' title="bbox 347 2383 1379 2467; baseline 0 -17"><span class='ocrx_word' id='word_1_151' title='bbox 347 2383 404 2450; x_wconf 85' lang='lat' dir='ltr'><strong>sed</strong></span> <span class='ocrx_word' id='word_1_152' title='bbox 429 2383 538 2466; x_wconf 89' lang='lat' dir='ltr'><strong>aequis</strong></span> <span class='ocrx_word' id='word_1_153' title='bbox 563 2383 640 2448; x_wconf 89' lang='lat' dir='ltr'><strong>locis</strong></span> <span class='ocrx_word' id='word_1_154' title='bbox 667 2406 784 2467; x_wconf 90' lang='lat' dir='ltr'><strong>aequos</strong></span> <span class='ocrx_word' id='word_1_155' title='bbox 811 2384 898 2449; x_wconf 91' lang='lat' dir='ltr'><strong>deos.</strong></span> <span class='ocrx_word' id='word_1_156' title='bbox 933 2384 1017 2450; x_wconf 88' lang='lat' dir='ltr'><strong>hosti</strong></span> <span class='ocrx_word' id='word_1_157' title='bbox 1042 2384 1135 2449; x_wconf 81' lang='lat' dir='ltr'><strong>facile</strong></span> <span class='ocrx_word' id='word_1_158' title='bbox 1160 2385 1319 2449; x_wconf 89' lang='lat' dir='ltr'><strong>excidium</strong></span> <span class='ocrx_word' id='word_1_159' title='bbox 1345 2397 1379 2450; x_wconf 89' lang='lat' dir='ltr'><strong>et</strong></span> 
     </span>
     <span class='ocr_line' id='line_1_23' title="bbox 346 2477 1377 2565; baseline 0.004 -25"><span class='ocrx_word' id='word_1_160' title='bbox 346 2498 464 2562; x_wconf 90' lang='lat' dir='ltr'><strong>paucos</strong></span> <span class='ocrx_word' id='word_1_161' title='bbox 487 2498 524 2542; x_wconf 90' lang='lat' dir='ltr'><strong>ao</strong></span> <span class='ocrx_word' id='word_1_162' title='bbox 543 2499 712 2543; x_wconf 92' lang='lat' dir='ltr'><strong>semermos</strong></span> <span class='ocrx_word' id='word_1_163' title='bbox 731 2477 881 2563; x_wconf 85' lang='lat' dir='ltr'><strong>cogitanti</strong></span> <span class='ocrx_word' id='word_1_164' title='bbox 903 2500 999 2545; x_wconf 91' lang='lat' dir='ltr'><strong>sonus</strong></span> <span class='ocrx_word' id='word_1_165' title='bbox 1018 2477 1179 2556; x_wconf 89' lang='lat' dir='ltr'><strong>tubarum,</strong></span> <span class='ocrx_word' id='word_1_166' title='bbox 1202 2478 1310 2565; x_wconf 86' lang='lat' dir='ltr'><strong>fulgor</strong></span> <span class='ocrx_word' id='word_1_167' title='bbox 1327 2503 1377 2544; x_wconf 92' lang='lat' dir='ltr'><strong>ar-</strong></span> 
     </span>
     <span class='ocr_line' id='line_1_24' title="bbox 346 2571 1379 2657; baseline 0.002 -21"><span class='ocrx_word' id='word_1_168' title='bbox 346 2592 468 2636; x_wconf 89' lang='lat' dir='ltr'><strong>morum</strong></span> <span class='ocrx_word' id='word_1_169' title='bbox 490 2580 607 2654; x_wconf 92' lang='lat' dir='ltr'><strong>quanto</strong></span> <span class='ocrx_word' id='word_1_170' title='bbox 628 2571 769 2657; x_wconf 91' lang='lat' dir='ltr'><strong>inopina,</strong></span> <span class='ocrx_word' id='word_1_171' title='bbox 792 2581 880 2637; x_wconf 90' lang='lat' dir='ltr'><strong>tanto</strong></span> <span class='ocrx_word' id='word_1_172' title='bbox 902 2573 1021 2638; x_wconf 90' lang='lat' dir='ltr'><strong>maiora</strong></span> <span class='ocrx_word' id='word_1_173' title='bbox 1042 2573 1259 2650; x_wconf 88' lang='lat' dir='ltr'><strong>offunduntur,</strong></span> <span class='ocrx_word' id='word_1_174' title='bbox 1283 2574 1379 2638; x_wconf 87' lang='lat' dir='ltr'><strong>cade-</strong></span> 
     </span>
     <span class='ocr_line' id='line_1_25' title="bbox 346 2664 1378 2748; baseline 0.002 -18"><span class='ocrx_word' id='word_1_175' title='bbox 346 2664 498 2748; x_wconf 87' lang='lat' dir='ltr'><strong>bantque,</strong></span> <span class='ocrx_word' id='word_1_176' title='bbox 524 2673 560 2728; x_wconf 90' lang='lat' dir='ltr'><strong>ut</strong></span> <span class='ocrx_word' id='word_1_177' title='bbox 585 2664 678 2732; x_wconf 90' lang='lat' dir='ltr'><strong>rebus</strong></span> <span class='ocrx_word' id='word_1_178' title='bbox 706 2666 851 2732; x_wconf 89' lang='lat' dir='ltr'><strong>secundis</strong></span> <span class='ocrx_word' id='word_1_179' title='bbox 878 2667 976 2746; x_wconf 88' lang='lat' dir='ltr'><strong>avidi,</strong></span> <span class='ocrx_word' id='word_1_180' title='bbox 1007 2667 1051 2732; x_wconf 90' lang='lat' dir='ltr'><strong>ita</strong></span> <span class='ocrx_word' id='word_1_181' title='bbox 1076 2667 1216 2732; x_wconf 88' lang='lat' dir='ltr'><strong>adversis</strong></span> <span class='ocrx_word' id='word_1_182' title='bbox 1247 2667 1378 2732; x_wconf 87' lang='lat' dir='ltr'><strong>incauti.</strong></span> 
     </span>
     <span class='ocr_line' id='line_1_26' title="bbox 347 2757 1379 2848; baseline 0.002 -25"><span class='ocrx_word' id='word_1_183' title='bbox 347 2757 510 2824; x_wconf 86' lang='lat' dir='ltr'><strong>Arminius</strong></span> <span class='ocrx_word' id='word_1_184' title='bbox 523 2757 653 2846; x_wconf 91' lang='lat' dir='ltr'><strong>integer,</strong></span> <span class='ocrx_word' id='word_1_185' title='bbox 671 2759 892 2846; x_wconf 87' lang='lat' dir='ltr'><strong>Inguiomerus</strong></span> <span class='ocrx_word' id='word_1_186' title='bbox 905 2771 979 2847; x_wconf 89' lang='lat' dir='ltr'><strong>post</strong></span> <span class='ocrx_word' id='word_1_187' title='bbox 995 2784 1090 2848; x_wconf 90' lang='lat' dir='ltr'><strong>grave</strong></span> <span class='ocrx_word' id='word_1_188' title='bbox 1104 2760 1218 2826; x_wconf 90' lang='lat' dir='ltr'><strong>vulnus</strong></span> <span class='ocrx_word' id='word_1_189' title='bbox 1235 2783 1379 2847; x_wconf 89' lang='lat' dir='ltr'><strong>pugnam</strong></span> 
     </span>
     <span class='ocr_line' id='line_1_27' title="bbox 348 2853 1380 2942; baseline 0.004 -26"><span class='ocrx_word' id='word_1_190' title='bbox 348 2854 529 2920; x_wconf 86' lang='lat' dir='ltr'><strong>deseruere:</strong></span> <span class='ocrx_word' id='word_1_191' title='bbox 556 2853 669 2941; x_wconf 90' lang='lat' dir='ltr'><strong>vulgus</strong></span> <span class='ocrx_word' id='word_1_192' title='bbox 692 2855 881 2920; x_wconf 85' lang='lat' dir='ltr'><strong>trucidatum</strong></span> <span class='ocrx_word' id='word_1_193' title='bbox 904 2865 953 2920; x_wconf 89' lang='lat' dir='ltr'><strong>est</strong></span> <span class='ocrx_word' id='word_1_194' title='bbox 974 2856 1075 2921; x_wconf 89' lang='lat' dir='ltr'><strong>donec</strong></span> <span class='ocrx_word' id='word_1_195' title='bbox 1095 2856 1143 2920; x_wconf 87' lang='lat' dir='ltr'><strong>ira</strong></span> <span class='ocrx_word' id='word_1_196' title='bbox 1164 2865 1196 2920; x_wconf 89' lang='lat' dir='ltr'><strong>et</strong></span> <span class='ocrx_word' id='word_1_197' title='bbox 1217 2855 1284 2920; x_wconf 90' lang='lat' dir='ltr'><strong>dies</strong></span> <span class='ocrx_word' id='word_1_198' title='bbox 1306 2878 1380 2942; x_wconf 90' lang='lat' dir='ltr'><strong>per-</strong></span> 
     </span>
     <span class='ocr_line' id='line_1_28' title="bbox 348 2948 1379 3037; baseline 0.003 -25"><span class='ocrx_word' id='word_1_199' title='bbox 348 2948 476 3028; x_wconf 86' lang='lat' dir='ltr'><strong>mansit3</strong></span> <span class='ocrx_word' id='word_1_200' title='bbox 507 2957 599 3014; x_wconf 86' lang='lat' dir='ltr'><strong>noete</strong></span> <span class='ocrx_word' id='word_1_201' title='bbox 625 2950 752 3015; x_wconf 90' lang='lat' dir='ltr'><strong>demum</strong></span> <span class='ocrx_word' id='word_1_202' title='bbox 778 2973 922 3016; x_wconf 90' lang='lat' dir='ltr'><strong>reversae</strong></span> <span class='ocrx_word' id='word_1_203' title='bbox 948 2950 1103 3037; x_wconf 88' lang='lat' dir='ltr'><strong>legiones,</strong></span> <span class='ocrx_word' id='word_1_204' title='bbox 1135 2949 1279 3033; x_wconf 88' lang='lat' dir='ltr'><strong>quamvis</strong></span> <span class='ocrx_word' id='word_1_205' title='bbox 1304 2950 1379 3035; x_wconf 92' lang='lat' dir='ltr'><strong>plus</strong></span> 
     </span>
     <span class='ocr_line' id='line_1_29' title="bbox 348 3043 1380 3131; baseline 0.002 -23"><span class='ocrx_word' id='word_1_206' title='bbox 348 3043 527 3122; x_wconf 89' lang='lat' dir='ltr'><strong>vulnerum,</strong></span> <span class='ocrx_word' id='word_1_207' title='bbox 551 3044 660 3110; x_wconf 89' lang='lat' dir='ltr'><strong>eadem</strong></span> <span class='ocrx_word' id='word_1_208' title='bbox 679 3044 819 3110; x_wconf 89' lang='lat' dir='ltr'><strong>ciborum</strong></span> <span class='ocrx_word' id='word_1_209' title='bbox 837 3053 962 3131; x_wconf 88' lang='lat' dir='ltr'><strong>egestas</strong></span> <span class='ocrx_word' id='word_1_210' title='bbox 979 3045 1141 3131; x_wconf 80' lang='lat' dir='ltr'><strong>fatigaret,</strong></span> <span class='ocrx_word' id='word_1_211' title='bbox 1163 3044 1242 3121; x_wconf 88' lang='lat' dir='ltr'><strong>vim,</strong></span> <span class='ocrx_word' id='word_1_212' title='bbox 1262 3045 1380 3110; x_wconf 73' lang='lat' dir='ltr'><strong>sanita</strong></span> 
     </span>
     <span class='ocr_line' id='line_1_30' title="bbox 349 3138 1063 3225; baseline 0.003 -23"><span class='ocrx_word' id='word_1_213' title='bbox 349 3147 426 3216; x_wconf 90' lang='lat' dir='ltr'><strong>tem,</strong></span> <span class='ocrx_word' id='word_1_214' title='bbox 445 3139 568 3225; x_wconf 90' lang='lat' dir='ltr'><strong>copias,</strong></span> <span class='ocrx_word' id='word_1_215' title='bbox 588 3149 701 3204; x_wconf 88' lang='lat' dir='ltr'><strong>cuncta</strong></span> <span class='ocrx_word' id='word_1_216' title='bbox 717 3139 752 3204; x_wconf 93' lang='lat' dir='ltr'><strong>in</strong></span> <span class='ocrx_word' id='word_1_217' title='bbox 768 3139 900 3205; x_wconf 84' lang='lat' dir='ltr'><strong>victoria</strong></span> <span class='ocrx_word' id='word_1_218' title='bbox 916 3138 1063 3205; x_wconf 88' lang='lat' dir='ltr'><strong>habuere.</strong></span> 
     </span>
    </p>

    <p class='ocr_par' dir='ltr' id='par_1_4' title="bbox 298 3231 1381 3695">
     <span class='ocr_line' id='line_1_31' title="bbox 298 3231 1381 3310; baseline 0 -12"><span class='ocrx_word' id='word_1_219' title='bbox 298 3250 329 3298; x_wconf 83' lang='grc'><strong>69</strong></span> <span class='ocrx_word' id='word_1_220' title='bbox 411 3231 600 3298; x_wconf 82' lang='lat' dir='ltr'><strong>Pervaserat</strong></span> <span class='ocrx_word' id='word_1_221' title='bbox 616 3233 740 3298; x_wconf 90' lang='lat' dir='ltr'><strong>interim</strong></span> <span class='ocrx_word' id='word_1_222' title='bbox 762 3234 965 3299; x_wconf 88' lang='lat' dir='ltr'><strong>circumventi</strong></span> <span class='ocrx_word' id='word_1_223' title='bbox 987 3234 1142 3299; x_wconf 86' lang='lat' dir='ltr'><strong>exercitus</strong></span> <span class='ocrx_word' id='word_1_224' title='bbox 1159 3232 1258 3310; x_wconf 86' lang='lat' dir='ltr'><strong>sama,</strong></span> <span class='ocrx_word' id='word_1_225' title='bbox 1282 3241 1313 3297; x_wconf 90' lang='lat' dir='ltr'><strong>et</strong></span> <span class='ocrx_word' id='word_1_226' title='bbox 1331 3234 1381 3298; x_wconf 92' lang='lat' dir='ltr'><strong>in-</strong></span> 
     </span>
     <span class='ocr_line' id='line_1_32' title="bbox 348 3325 1381 3416; baseline 0.002 -26"><span class='ocrx_word' id='word_1_227' title='bbox 348 3326 430 3391; x_wconf 85' lang='lat' dir='ltr'><strong>festo</strong></span> <span class='ocrx_word' id='word_1_228' title='bbox 449 3325 680 3394; x_wconf 87' lang='lat' dir='ltr'><strong>Germanorum</strong></span> <span class='ocrx_word' id='word_1_229' title='bbox 703 3329 828 3414; x_wconf 84' lang='lat' dir='ltr'><strong>agmine</strong></span> <span class='ocrx_word' id='word_1_230' title='bbox 848 3327 968 3395; x_wconf 86' lang='lat' dir='ltr'><strong>Gallias</strong></span> <span class='ocrx_word' id='word_1_231' title='bbox 991 3330 1071 3416; x_wconf 81' lang='lat' dir='ltr'><strong>peti3</strong></span> <span class='ocrx_word' id='word_1_232' title='bbox 1089 3352 1127 3395; x_wconf 90' lang='lat' dir='ltr'><strong>ac</strong></span> <span class='ocrx_word' id='word_1_233' title='bbox 1149 3330 1182 3395; x_wconf 97' lang='lat' dir='ltr'><strong>ni</strong></span> <span class='ocrx_word' id='word_1_234' title='bbox 1198 3328 1381 3416; x_wconf 84' lang='lat' dir='ltr'><strong>Agrippina</strong></span> 
     </span>
     <span class='ocr_line' id='line_1_33' title="bbox 348 3419 1381 3510; baseline 0.004 -28"><span class='ocrx_word' id='word_1_235' title='bbox 348 3419 519 3504; x_wconf 90' lang='lat' dir='ltr'><strong>inpositurn</strong></span> <span class='ocrx_word' id='word_1_236' title='bbox 535 3420 649 3487; x_wconf 85' lang='lat' dir='ltr'><strong>Rheno</strong></span> <span class='ocrx_word' id='word_1_237' title='bbox 666 3432 796 3506; x_wconf 89' lang='lat' dir='ltr'><strong>pontem</strong></span> <span class='ocrx_word' id='word_1_238' title='bbox 818 3423 897 3488; x_wconf 86' lang='lat' dir='ltr'><strong>solvi</strong></span> <span class='ocrx_word' id='word_1_239' title='bbox 918 3423 1145 3510; x_wconf 90' lang='lat' dir='ltr'><strong>prohibuisset,</strong></span> <span class='ocrx_word' id='word_1_240' title='bbox 1169 3434 1257 3490; x_wconf 91' lang='lat' dir='ltr'><strong>erant</strong></span> <span class='ocrx_word' id='word_1_241' title='bbox 1273 3423 1329 3508; x_wconf 93' lang='lat' dir='ltr'><strong>qui</strong></span> <span class='ocrx_word' id='word_1_242' title='bbox 1346 3423 1381 3487; x_wconf 91' lang='lat' dir='ltr'><strong>id</strong></span> 
     </span>
     <span class='ocr_line' id='line_1_34' title="bbox 348 3512 1381 3605; baseline 0.003 -28"><span class='ocrx_word' id='word_1_243' title='bbox 348 3512 502 3598; x_wconf 81' lang='lat' dir='ltr'><strong>flagitium</strong></span> <span class='ocrx_word' id='word_1_244' title='bbox 527 3512 694 3580; x_wconf 84' lang='lat' dir='ltr'><strong>formidine</strong></span> <span class='ocrx_word' id='word_1_245' title='bbox 719 3516 883 3582; x_wconf 88' lang='lat' dir='ltr'><strong>auderent:</strong></span> <span class='ocrx_word' id='word_1_246' title='bbox 916 3518 973 3583; x_wconf 90' lang='lat' dir='ltr'><strong>sed</strong></span> <span class='ocrx_word' id='word_1_247' title='bbox 998 3518 1116 3583; x_wconf 84' lang='lat' dir='ltr'><strong>femina</strong></span> <span class='ocrx_word' id='word_1_248' title='bbox 1145 3519 1256 3605; x_wconf 89' lang='lat' dir='ltr'><strong>ingens</strong></span> <span class='ocrx_word' id='word_1_249' title='bbox 1283 3517 1381 3582; x_wconf 89' lang='lat' dir='ltr'><strong>animi</strong></span> 
     </span>
     <span class='ocr_line' id='line_1_35' title="bbox 349 3606 1380 3695; baseline 0.004 -25"><span class='ocrx_word' id='word_1_250' title='bbox 349 3606 457 3672; x_wconf 90' lang='lat' dir='ltr'><strong>munia</strong></span> <span class='ocrx_word' id='word_1_251' title='bbox 483 3606 571 3674; x_wconf 87' lang='lat' dir='ltr'><strong>ducis</strong></span> <span class='ocrx_word' id='word_1_252' title='bbox 596 3629 654 3693; x_wconf 91' lang='lat' dir='ltr'><strong>per</strong></span> <span class='ocrx_word' id='word_1_253' title='bbox 679 3631 733 3675; x_wconf 93' lang='lat' dir='ltr'><strong>eos</strong></span> <span class='ocrx_word' id='word_1_254' title='bbox 759 3609 827 3676; x_wconf 93' lang='lat' dir='ltr'><strong>dies</strong></span> <span class='ocrx_word' id='word_1_255' title='bbox 852 3611 967 3688; x_wconf 90' lang='lat' dir='ltr'><strong>induit,</strong></span> <span class='ocrx_word' id='word_1_256' title='bbox 994 3611 1223 3695; x_wconf 90' lang='lat' dir='ltr'><strong>militibusque,</strong></span> <span class='ocrx_word' id='word_1_257' title='bbox 1249 3621 1286 3675; x_wconf 89' lang='lat' dir='ltr'><strong>ut</strong></span> <span class='ocrx_word' id='word_1_258' title='bbox 1306 3611 1380 3694; x_wconf 90' lang='lat' dir='ltr'><strong>quis</strong></span> 
     </span>
    </p>
   </div>
   <div class='ocr_carea' id='block_1_3' title="bbox 319 3701 1382 4266">
    <p class='ocr_par' dir='ltr' id='par_1_5' title="bbox 319 3701 1382 4266">
     <span class='ocr_line' id='line_1_36' title="bbox 319 3701 1382 3794; baseline 0.005 -28"><span class='ocrx_word' id='word_1_259' title='bbox 319 3747 321 3754; x_wconf 42' lang='grc' dir='ltr'><strong><em>ι</em></strong></span> <span class='ocrx_word' id='word_1_260' title='bbox 349 3701 440 3789; x_wconf 89' lang='lat' dir='ltr'><strong>inops</strong></span> <span class='ocrx_word' id='word_1_261' title='bbox 458 3712 513 3768; x_wconf 87' lang='lat' dir='ltr'><strong>aut</strong></span> <span class='ocrx_word' id='word_1_262' title='bbox 531 3702 671 3781; x_wconf 88' lang='lat' dir='ltr'><strong>saucius,</strong></span> <span class='ocrx_word' id='word_1_263' title='bbox 694 3713 816 3770; x_wconf 87' lang='lat' dir='ltr'><strong>vestem</strong></span> <span class='ocrx_word' id='word_1_264' title='bbox 833 3715 864 3770; x_wconf 87' lang='lat' dir='ltr'><strong>et</strong></span> <span class='ocrx_word' id='word_1_265' title='bbox 881 3706 1021 3772; x_wconf 87' lang='lat' dir='ltr'><strong>fomenta</strong></span> <span class='ocrx_word' id='word_1_266' title='bbox 1038 3707 1183 3794; x_wconf 89' lang='lat' dir='ltr'><strong>dilargita</strong></span> <span class='ocrx_word' id='word_1_267' title='bbox 1200 3715 1257 3771; x_wconf 91' lang='lat' dir='ltr'><strong>est.</strong></span> <span class='ocrx_word' id='word_1_268' title='bbox 1285 3705 1382 3771; x_wconf 91' lang='lat' dir='ltr'><strong>tradit</strong></span> 
     </span>
     <span class='ocr_line' id='line_1_37' title="bbox 351 3795 1380 3887; baseline 0.001 -23"><span class='ocrx_word' id='word_1_269' title='bbox 351 3796 390 3866; x_wconf 79' lang='lat' dir='ltr'><strong>O.</strong></span> <span class='ocrx_word' id='word_1_270' title='bbox 403 3795 535 3877; x_wconf 90' lang='lat' dir='ltr'><strong>Plinius,</strong></span> <span class='ocrx_word' id='word_1_271' title='bbox 556 3795 814 3864; x_wconf 85' lang='lat' dir='ltr'><strong>Germanicorum</strong></span> <span class='ocrx_word' id='word_1_272' title='bbox 827 3799 980 3866; x_wconf 85' lang='lat' dir='ltr'><strong>bellorum</strong></span> <span class='ocrx_word' id='word_1_273' title='bbox 994 3802 1135 3887; x_wconf 89' lang='lat' dir='ltr'><strong>scriptor,</strong></span> <span class='ocrx_word' id='word_1_274' title='bbox 1155 3801 1281 3867; x_wconf 91' lang='lat' dir='ltr'><strong>stetisse</strong></span> <span class='ocrx_word' id='word_1_275' title='bbox 1294 3801 1380 3886; x_wconf 87' lang='lat' dir='ltr'><strong>apud</strong></span> 
     </span>
     <span class='ocr_line' id='line_1_38' title="bbox 348 3892 1381 3983; baseline 0.004 -27"><span class='ocrx_word' id='word_1_276' title='bbox 348 3892 535 3978; x_wconf 90' lang='lat' dir='ltr'><strong>principium</strong></span> <span class='ocrx_word' id='word_1_277' title='bbox 544 3893 658 3978; x_wconf 89' lang='lat' dir='ltr'><strong>pontis,</strong></span> <span class='ocrx_word' id='word_1_278' title='bbox 667 3893 777 3958; x_wconf 92' lang='lat' dir='ltr'><strong>laudes</strong></span> <span class='ocrx_word' id='word_1_279' title='bbox 787 3903 818 3959; x_wconf 92' lang='lat' dir='ltr'><strong>et</strong></span> <span class='ocrx_word' id='word_1_280' title='bbox 822 3903 927 3981; x_wconf 90' lang='lat' dir='ltr'><strong>grates</strong></span> <span class='ocrx_word' id='word_1_281' title='bbox 936 3896 1069 3961; x_wconf 89' lang='lat' dir='ltr'><strong>reversis</strong></span> <span class='ocrx_word' id='word_1_282' title='bbox 1078 3896 1254 3983; x_wconf 88' lang='lat' dir='ltr'><strong>legionibus</strong></span> <span class='ocrx_word' id='word_1_283' title='bbox 1259 3895 1381 3960; x_wconf 89' lang='lat' dir='ltr'><strong>haben-</strong></span> 
     </span>
     <span class='ocr_line' id='line_1_39' title="bbox 350 3987 1381 4075; baseline 0.002 -24"><span class='ocrx_word' id='word_1_284' title='bbox 350 3996 423 4052; x_wconf 88' lang='lat' dir='ltr'><strong>tem.</strong></span> <span class='ocrx_word' id='word_1_285' title='bbox 441 3987 475 4052; x_wconf 93' lang='lat' dir='ltr'><strong>id</strong></span> <span class='ocrx_word' id='word_1_286' title='bbox 488 3987 606 4054; x_wconf 82' lang='lat' dir='ltr'><strong>Tiberii</strong></span> <span class='ocrx_word' id='word_1_287' title='bbox 619 3989 758 4054; x_wconf 89' lang='lat' dir='ltr'><strong>animum</strong></span> <span class='ocrx_word' id='word_1_288' title='bbox 772 3989 865 4054; x_wconf 88' lang='lat' dir='ltr'><strong>altius</strong></span> <span class='ocrx_word' id='word_1_289' title='bbox 878 3991 1067 4075; x_wconf 82' lang='lat' dir='ltr'><strong>penetravit:</strong></span> <span class='ocrx_word' id='word_1_290' title='bbox 1085 4013 1149 4056; x_wconf 92' lang='lat' dir='ltr'><strong>non</strong></span> <span class='ocrx_word' id='word_1_291' title='bbox 1162 3990 1245 4055; x_wconf 91' lang='lat' dir='ltr'><strong>enim</strong></span> <span class='ocrx_word' id='word_1_292' title='bbox 1260 3989 1381 4074; x_wconf 89' lang='lat' dir='ltr'><strong>simpli-</strong></span> 
     </span>
     <span class='ocr_line' id='line_1_40' title="bbox 351 4083 1378 4172; baseline 0.005 -29"><span class='ocrx_word' id='word_1_293' title='bbox 351 4101 403 4144; x_wconf 84' lang='lat' dir='ltr'><strong>ces</strong></span> <span class='ocrx_word' id='word_1_294' title='bbox 413 4103 466 4148; x_wconf 92' lang='lat' dir='ltr'><strong>eas</strong></span> <span class='ocrx_word' id='word_1_295' title='bbox 476 4104 566 4148; x_wconf 89' lang='lat' dir='ltr'><strong>curas</strong></span> <span class='ocrx_word' id='word_1_296' title='bbox 576 4105 634 4149; x_wconf 90' lang='lat' dir='ltr'><strong>neo</strong></span> <span class='ocrx_word' id='word_1_297' title='bbox 647 4083 797 4150; x_wconf 86' lang='lat' dir='ltr'><strong>adversus</strong></span> <span class='ocrx_word' id='word_1_298' title='bbox 811 4093 956 4150; x_wconf 85' lang='lat' dir='ltr'><strong>externos</strong></span> <span class='ocrx_word' id='word_1_299' title='bbox 965 4083 1099 4150; x_wconf 91' lang='lat' dir='ltr'><strong>militum</strong></span> <span class='ocrx_word' id='word_1_300' title='bbox 1110 4087 1245 4172; x_wconf 72' lang='lat' dir='ltr'><strong>qratiam</strong></span> <span class='ocrx_word' id='word_1_301' title='bbox 1254 4084 1378 4168; x_wconf 82' lang='lat' dir='ltr'><strong>quaeri3</strong></span> 
     </span>
     <span class='ocr_line' id='line_1_41' title="bbox 351 4172 1379 4266; baseline 0.004 -28"><span class='ocrx_word' id='word_1_302' title='bbox 351 4172 428 4238; x_wconf 92' lang='lat' dir='ltr'><strong>nihil</strong></span> <span class='ocrx_word' id='word_1_303' title='bbox 444 4174 587 4243; x_wconf 89' lang='lat' dir='ltr'><strong>relictum</strong></span> <span class='ocrx_word' id='word_1_304' title='bbox 603 4177 856 4263; x_wconf 89' lang='lat' dir='ltr'><strong>imperatoribus,</strong></span> <span class='ocrx_word' id='word_1_305' title='bbox 878 4179 934 4245; x_wconf 91' lang='lat' dir='ltr'><strong>ubi</strong></span> <span class='ocrx_word' id='word_1_306' title='bbox 951 4179 1068 4246; x_wconf 84' lang='lat' dir='ltr'><strong>semina</strong></span> <span class='ocrx_word' id='word_1_307' title='bbox 1090 4179 1265 4266; x_wconf 90' lang='lat' dir='ltr'><strong>manipulos</strong></span> <span class='ocrx_word' id='word_1_308' title='bbox 1283 4179 1379 4243; x_wconf 86' lang='lat' dir='ltr'><strong>inter-</strong></span> 
     </span>
    </p>
   </div>
   <div class='ocr_carea' id='block_1_4' title="bbox 0 0 1496 4960">
    <p class='ocr_par' dir='ltr' id='par_1_6' title="bbox 0 0 1496 4960">
     <span class='ocr_line' id='line_1_42' title="bbox 0 0 1496 4960; baseline 0 0"><span class='ocrx_word' id='word_1_309' title='bbox 0 0 1496 4960; x_wconf 95' lang='lat' dir='ltr'><strong> </strong></span> 
     </span>
    </p>
   </div>
  </div>
 </body>
</html>
