2960 4962
393 464 602 526 ANNALIUM
618 469 693 523 LIB.
708 469 757 526 1v.
775 471 895 527 33-35.
1094 463 1154 528 131

129 573 149 610 p.
160 559 200 600 ou.
211 563 249 600 ss.

126 629 261 705 mutius,
288 626 511 710 relinquendae
528 625 611 690 vitae
629 634 746 705 certus,
770 628 803 691 in
819 628 903 694 hune
921 632 1049 696 modum
1067 655 1157 698 exor-

126 745 177 787 sus
196 732 265 786 est:
664 749 667 756 ⁴

187 815 322 896 „Verba
338 836 419 892 mea,
438 822 542 899 patres
561 815 737 900 conscripti,
757 825 943 902 arguuntur:
962 819 1041 883 adeo
1058 819 1157 886 facto-

124 932 191 974 rum
221 909 378 974 innocens
410 931 494 986 sum3
526 909 582 972 sed
607 929 709 992 neque
733 910 813 974 haec
837 911 871 975 in
900 913 1074 998 principem
1103 924 1157 979 aut

123 1005 275 1089 principis
316 1012 492 1088 parentem,
531 1024 611 1086 quos
645 1003 698 1067 lex
735 1005 907 1070 maiestatis
946 1007 1155 1092 amplectitur:

123 1097 261 1162 Brutum
284 1106 317 1162 et
335 1095 484 1161 Cassium
505 1097 685 1162 laudavisse
703 1098 803 1176 dicor,
830 1121 963 1182 quorum
980 1123 1031 1165 res
1042 1089 1156 1190 'gestas

124 1214 194 1255 eum
215 1192 348 1277 plurimi
366 1191 610 1276 composuerint,
629 1213 722 1256 nemo
740 1193 807 1256 sine
825 1192 942 1258 bonore
960 1196 1154 1261 memoravit.

125 1285 216 1351 Titus
239 1287 372 1363 Livius,
400 1286 594 1368 eloquentiae
619 1307 659 1350 ac
683 1285 758 1350 fidei
778 1287 955 1371 praeclarus
982 1289 1154 1374 inprimis,

125 1378 183 1444 Cn.
219 1381 413 1466 Pompeium
448 1380 543 1444 tantis
576 1379 723 1444 laudibus
757 1381 827 1445 tulit
862 1391 897 1446 ut
926 1381 1155 1468 Pompeianum

124 1495 195 1538 eum
230 1474 403 1560 Augustus
439 1473 623 1559 appellaret3
657 1496 758 1558 neque
792 1475 825 1539 id
859 1477 1013 1542 amicitiae
1046 1499 1155 1544 eorum

125 1567 246 1646 offecit3
287 1567 483 1652 Scipionem,
518 1565 700 1645 Afranium,
736 1568 820 1632 hunc
853 1570 962 1654 ipsum
993 1569 1153 1649 Cassium,

124 1659 206 1726 hunc
223 1663 365 1726 Brutum
382 1683 537 1744 nusquam
558 1661 694 1732 latrones
713 1671 745 1726 et
760 1664 944 1747 parricidas,
969 1687 1049 1748 quae
1067 1685 1153 1730 nuno

125 1754 282 1821 vocabula
306 1755 521 1841 imponuntur,
553 1777 647 1840 saepe
672 1764 708 1820 ut
732 1757 865 1842 insignis
891 1759 974 1824 viros
1000 1761 1149 1824 nominat.

124 1847 228 1914 Asinii
253 1849 409 1914 Pollionis
436 1849 552 1933 scripta
582 1850 742 1936 egregiam
772 1853 942 1916 eorundem
971 1855 1154 1918 memoriam

126 1943 264 2020 tradunt;
292 1941 435 2007 Messala
462 1941 618 2008 Corvinus
645 1944 864 2028 imperatorem
891 1968 983 2008 suum
1006 1944 1154 2010 Cassium

126 2031 341 2118 praeut-abst:
356 2049 387 2100 et
400 2045 530 2120 uterque
544 2036 656 2122 opibus
671 2047 765 2119 atque
777 2037 948 2101 honoribus
958 2039 1152 2123 perviguere.

125 2127 226 2195 Marci
245 2129 410 2194 Ciceronis
427 2129 521 2208 libro,
541 2151 603 2214 quo
623 2128 778 2195 Catonem
795 2131 883 2195 eaelo
902 2131 1059 2214 aequavit,
1079 2131 1156 2215 quid

127 2224 207 2290 aliud
224 2227 361 2290 diotatm
379 2223 500 2290 Caesar
516 2245 611 2308 quam
627 2225 779 2310 rescripta
795 2226 948 2302 oratione,
967 2225 1053 2291 velut
1070 2225 1155 2310 apud

126 2316 252 2396 indices,
271 2318 453 2403 respondit?
468 2319 601 2384 Antonii
615 2319 776 2404 epistulae,
795 2319 886 2384 Bruti
900 2319 1059 2384 contiones
1072 2319 1154 2384 salsa

127 2413 251 2492 quidem
272 2412 308 2477 in
329 2411 513 2498 Augustum
538 2411 666 2497 probra,
694 2414 750 2478 sed
771 2413 870 2480 multa
892 2435 964 2478 cum
986 2412 1152 2480 acerbitate

127 2503 254 2584 habent3
282 2507 420 2571 carmina
444 2505 590 2572 Bibaculi
616 2515 647 2570 et
674 2505 791 2571 Catulli
816 2507 932 2572 referta
956 2507 1151 2574 coutumeliis

129 2596 300 2666 Caesarum
329 2601 489 2687 leguntur:
523 2600 579 2665 sed
604 2599 672 2686 ipse
698 2601 789 2666 divus
816 2602 931 2680 Iulius,
961 2603 1030 2687 ipse
1060 2603 1151 2667 divus

126 2691 292 2782 Augustus
311 2704 342 2759 et
359 2695 458 2759 tulere
475 2695 537 2760 ista
554 2703 586 2759 et
602 2696 768 2780 reliquere,
792 2697 877 2762 haud
899 2698 990 2762 facile
1009 2698 1150 2774 dixerim,

127 2790 335 2854 moderatione
360 2789 463 2874 magis
491 2813 532 2853 an
559 2790 724 2876 sapientia3
754 2814 890 2875 namque
917 2799 1022 2878 spreta
1048 2791 1153 2858 exole-

128 2893 227 2947 scunt:
247 2883 276 2947 si
293 2883 441 2960 irascare,
461 2883 590 2969 adgnita
607 2885 758 2949 videntur.
782 2907 845 2950 non
863 2887 982 2970 attingo
1001 2882 1150 2960 Graecos,
1170 2904 1203 2952 35

128 2993 255 3056 quorum
273 2998 337 3040 non
355 2977 448 3040 modo
466 2977 609 3055 libertas,
635 2979 728 3042 etiam
746 2979 844 3043 libido
861 2978 1027 3062 impunita3
1054 2986 1107 3041 aut
1124 2978 1153 3040 si

127 3070 191 3150 quis
209 3071 359 3147 advertit,
383 3071 474 3135 dictis
493 3071 577 3136 dicta
593 3061 678 3136 ultu's
697 3081 754 3136 est.
783 3072 839 3135 sed
861 3071 996 3134 maxime
1015 3069 1152 3133 solutum

128 3171 156 3224 et
171 3165 238 3228 siue
251 3163 458 3229 obtrectatore
472 3164 533 3229 fuit
549 3165 681 3250 prodere
699 3165 738 3228 de
757 3165 795 3228 iis
814 3186 893 3246 quos
910 3185 995 3228 mors
1013 3161 1085 3225 odio
1099 3172 1152 3226 aut

127 3259 241 3340 gratiae
258 3257 441 3336 exemisset3
465 3281 542 3322 num
560 3263 645 3322 euim
666 3258 794 3322 armatis
813 3253 927 3322 Cassio
950 3264 982 3320 et
998 3255 1097 3326 Bruto
1116 3277 1153 3320 ac

128 3345 343 3438 Philippenses
370 3373 499 3437 campos
521 3351 734 3417 obtinentibus
762 3351 836 3416 belli
858 3349 956 3416 civilis
980 3372 1075 3415 causa
1095 3371 1153 3436 po-

128 3445 230 3526 pulum
248 3469 306 3532 per
324 3447 484 3511 contiones
506 3447 659 3510 incendo?
685 3470 725 3511 an
742 3446 788 3510 illi
809 3447 935 3530 quidem
958 3446 1153 3532 septuagesi-

128 3557 208 3603 mum
226 3549 300 3604 ante
318 3562 434 3604 annum
451 3540 599 3626 peremti,
625 3541 782 3624 quomodo
803 3541 993 3628 imaginibus
1013 3541 1077 3605 suis
1095 3563 1152 3606 no-

128 3642 265 3710 scuntur,
297 3651 390 3716 quas¹
404 3655 464 3698 nec
490 3635 590 3699 victor
619 3635 747 3718 quidem
778 3634 928 3715 abolevit,
960 3636 1006 3700 sic
1031 3645 1152 3720 partem

128 3727 291 3790 memoriae
318 3727 403 3813 apud
430 3728 596 3814 scriptores
618 3729 771 3794 retinent?
797 3751 890 3794 suum
916 3730 1029 3810 cuique
1054 3728 1151 3791 decus

127 3820 288 3900 posteritas
307 3823 464 3907 rependit3
482 3844 541 3888 nec
558 3823 702 3901 deenmt,
722 3823 750 3887 'si
768 3823 927 3888 damnatio
943 3819 1074 3904 ingruit,
1098 3818 1153 3900 qui

127 3929 185 3977 non
200 3914 298 3980 modo
317 3913 423 3980 Cassii
441 3925 472 3981 et
488 3916 580 3981 Bruti
599 3918 655 3982 sed
673 3917 767 3981 etiam
784 3916 847 3979 mei
864 3912 1091 3978 meminerint“

183 4007 347 4095 Egressus
360 4011 439 4074 'dein
462 4020 573 4076 senatu
590 4013 688 4075 vitam
710 4008 898 4073 abstinentia
919 4005 1028 4069 linivit.
1055 4003 1151 4070 libros

104 4143 106 4148 .
127 4117 177 4181 per
189 4104 309 4169 aediles
325 4107 509 4172 cremandos
523 4123 673 4172 censuere
686 4113 806 4190 patres3
826 4102 883 4168 sed
895 4111 1086 4180 manserunt,
1100 4124 1153 4168 oc-

128 4195 230 4262 cultati
247 4207 279 4264 et
297 4199 386 4264 editi:
404 4222 467 4284 quo
485 4201 587 4288 magis
607 4199 781 4266 socordiam
795 4217 902 4264 eorum
914 4197 1048 4264 inridere
1065 4196 1150 4274 libet,

939 4298 981 4365 9*
