2958 4960
256 442 296 506 10
601 444 785 502 CORNELII
799 443 931 500 TACITI

1171 545 1191 576 ι.
1203 547 1224 576 u.
1236 539 1297 578 767.

253 609 515 694 Pompeianarum
532 603 665 690 gutiam
681 602 830 686 partium
848 623 923 668 mox
940 600 994 667 ubi
1012 601 1137 668 decreto
1154 614 1297 687 patrum

254 704 356 769 fasces
378 711 410 766 et
430 699 480 764 ius
502 697 653 784 praetoris
676 694 838 773 invaserit,
862 696 963 761 caesis
985 695 1091 762 Hirtio
1113 707 1145 762 et
1163 697 1294 776 Pansa,

254 798 320 864 sive
336 795 436 862 hostis
454 793 538 869 illos,
565 813 621 857 seu
637 790 777 854 Pansam
798 811 954 854 venenum
976 791 1098 856 vulneri
1119 791 1293 869 adfusum,

254 892 304 957 sui
324 890 438 954 milites
455 885 595 953 Hirtium
612 893 644 950 et
664 883 857 948 machinator
873 883 937 948 doli
956 882 1076 950 Caesar
1097 884 1291 962 abstulerat,

253 985 416 1068 utriusque
432 981 538 1067 copias
556 978 759 1064 occupavisse
764 1000 773 1054 ;
791 987 947 1042 extortum
960 977 1058 1043 invito
1076 987 1190 1042 senatu
1208 1000 1292 1044 con-

255 1078 400 1156 sulatum,
419 1095 568 1158 annaque
580 1094 660 1157 quae
673 1072 706 1136 in
718 1070 891 1136 Antonium
905 1071 1069 1156 acceperit,
1088 1081 1197 1138 contra
1214 1094 1290 1138 rem

253 1172 411 1258 publicam
432 1191 536 1246 versa:
563 1165 820 1252 proscriptionem
842 1165 971 1246 civium,
994 1165 1165 1231 divisiones
1189 1188 1289 1252 agro-

253 1288 323 1330 rum
341 1287 381 1330 ne
397 1264 475 1348 ipsis
493 1262 621 1345 quidem
638 1261 692 1344 qui
709 1259 826 1336 secere,
848 1260 1001 1326 laudatas.
1030 1281 1106 1326 sane
1125 1258 1234 1324 Cassii
1252 1270 1287 1324 et

254 1358 423 1422 Brutorum
440 1356 542 1420 exitus
559 1353 696 1439 paternis
714 1351 882 1418 inimicitiis
900 1353 1001 1430 datos,
1019 1375 1213 1436 quamquam
1232 1353 1284 1418 fas

255 1451 295 1516 sit
316 1450 438 1534 privata
459 1448 531 1514 odia
552 1447 685 1532 publicis
708 1446 893 1513 utilitatibus
914 1447 1085 1512 remittere:
1110 1447 1166 1512 sed
1184 1445 1285 1510 Pom-

254 1543 358 1628 peium
380 1542 516 1627 imagine
537 1541 638 1626 pacis,
661 1541 720 1606 sed
740 1541 899 1624 Lepidum
922 1541 1027 1626 specie
1049 1541 1205 1606 amicitiae
1227 1542 1285 1606 de-

255 1645 376 1721 ceptos;
394 1645 466 1719 post
482 1633 671 1710 Antonium,
695 1633 864 1700 Tarentino
881 1634 1135 1717 Brundisinoque
1154 1634 1284 1700 foedere

255 1739 286 1794 et
311 1728 427 1813 nuptiis
455 1728 569 1793 sororis
595 1727 757 1802 iniectum,
790 1727 940 1792 subdolae
966 1728 1135 1792 adfinitatis
1161 1749 1283 1812 poenas

255 1831 353 1888 morte
379 1821 562 1886 exsolvisse.
593 1843 704 1906 pacem
730 1821 797 1886 sine
823 1821 919 1887 dubio
949 1822 1138 1907 posthaec,
1172 1844 1283 1886 verum

256 1925 428 1981 cruentam:
440 1915 602 1980 Lollianas
614 1913 827 1998 Varianasque
840 1915 955 1991 clades,
969 1915 1150 1982 interlectos
1159 1915 1284 1981 Romae

255 2011 427 2087 Varrones,
450 2009 618 2096 Egnatius,
640 2009 737 2073 lulos.
764 2031 823 2074 nec
844 2010 1025 2076 domesticis
1048 2009 1282 2076 abstinebatur:

256 2105 391 2171 abducta
407 2105 524 2170 Neroni
545 2126 626 2169 uxor
643 2113 675 2168 et
692 2103 825 2168 consulti
842 2126 899 2188 per
919 2104 1089 2169 ludibrium
1106 2105 1283 2190 pontifices,

256 2223 296 2264 au
313 2209 463 2284 concepto
480 2199 614 2264 necdum
631 2198 715 2263 edito
731 2208 823 2282 partu
840 2199 898 2262 rite
915 2197 1060 2275 nuberet:
1080 2197 1121 2281 Q.
1140 2199 1234 2263 Tedii
1253 2211 1285 2263 et

255 2292 350 2357 Vedii
366 2292 517 2357 Pollionis
534 2293 642 2368 luxus3
664 2303 823 2377 postremo
840 2291 936 2356 Livia
956 2293 1063 2377 gravis
1085 2293 1118 2356 in
1140 2315 1206 2356 rem
1225 2314 1285 2376 pu-

256 2385 370 2450 blicam
388 2395 495 2463 mater,
513 2385 619 2470 gravis
632 2384 739 2449 domui
754 2383 928 2452 Caesarum
945 2407 1089 2450 noverca.
1111 2385 1190 2450 nihil
1207 2386 1285 2450 deo-

255 2501 325 2542 rum
342 2477 512 2544 honoribus
530 2478 685 2554 relictum,
709 2499 782 2544 cum
805 2501 839 2545 se
861 2479 985 2565 templis
1003 2490 1035 2544 et
1052 2479 1158 2566 effigie
1180 2479 1286 2544 numi-

256 2594 331 2636 num
349 2593 405 2656 per
425 2571 567 2636 flamines
589 2581 621 2636 et
643 2572 820 2638 sacerdotes
844 2572 905 2638 coli
926 2573 1029 2638 vellet.
1056 2595 1097 2638 ne
1119 2573 1284 2638 Tiberium

255 2666 382 2749 quidem
403 2665 530 2731 caritate
552 2677 607 2730 aut
623 2666 669 2732 rei
689 2665 834 2751 publicae
851 2689 927 2733 cura
948 2689 1163 2734 successorem
1181 2668 1286 2732 adsci-

256 2770 337 2837 tum:
364 2759 589 2843 sedquoniam
611 2760 827 2846 adrogantiam
850 2761 1074 2845 saevitiamque
1096 2762 1164 2826 eius
1187 2761 1286 2826 intro-

257 2854 402 2938 spexerit,
421 2854 650 2940 comparatione
664 2854 830 2920 deterrima
848 2854 908 2922 sibi
925 2855 1058 2942 gloriam
1076 2855 1284 2938 quaesivisse.

256 2947 383 3012 Etenim
404 2946 572 3034 Augustus
598 2948 707 3034 paucis
729 2958 802 3013 ante
827 2949 917 3014 annis
944 2971 1017 3013 cum
1039 2947 1167 3014 Tiberio
1186 2947 1286 3013 tribu-

257 3039 371 3106 niciam
393 3049 579 3127 potestatem
602 3065 622 3108 a
642 3042 783 3128 patribus
809 3067 933 3109 rursum
959 3043 1145 3128 postularet,
1172 3065 1286 3126 quam·

256 3156 351 3218 quam
369 3136 487 3202 honora
503 3136 651 3214 oratione,
670 3137 824 3221 quaedam
841 3137 881 3203 de
898 3135 1008 3202 habitu
1021 3137 1169 3220 cultuque
1188 3147 1220 3202 et
1236 3138 1286 3202 in·

258 3229 373 3296 stitutis
390 3230 459 3294 eius
475 3231 598 3307 iecerat,
617 3252 698 3313 quse
715 3231 801 3295 velut
818 3230 997 3296 excusando
1015 3231 1227 3315 exprobraret.

210 3344 237 3388 ιι
322 3320 470 3387 Ceterum
483 3323 643 3407 sepultura
659 3345 745 3389 more
763 3323 902 3408 perfecta
914 3324 1064 3408 templum
1082 3333 1114 3389 et
1131 3324 1284 3389 caelestes

255 3413 422 3497 religiones
445 3414 660 3482 decernuntur.
688 3438 797 3482 versae
818 3417 891 3482 inde
913 3417 955 3482 ad
972 3417 1134 3483 Tiberium
1156 3439 1283 3503 preces:

258 3515 289 3570 et
310 3505 362 3571 ille
384 3506 469 3570 varie
489 3507 664 3573 disserebat
684 3509 724 3574 de
746 3511 960 3597 magnitudine
982 3511 1118 3596 imperii,
1142 3499 1204 3576 sua
1217 3534 1286 3576 mo-

258 3597 371 3664 destia:
391 3598 489 3664 solam
507 3599 572 3665 divi
586 3598 726 3688 Augusti
743 3612 880 3668 mentem
897 3603 1001 3670 tantae
1019 3604 1111 3669 molis
1125 3625 1285 3689 capacem3

258 3693 347 3760 sein
368 3703 489 3779 partem
515 3714 660 3760 curarum
681 3695 721 3760 ab
743 3696 797 3762 illo
819 3708 964 3764 vocatum
988 3697 1178 3783 experiendo
1205 3698 1286 3762 didi-

258 3789 353 3868 cisse,
380 3812 475 3874 quam
496 3789 642 3868 ardumn,
669 3812 763 3876 quam
787 3792 963 3857 subiectum
983 3793 1129 3858 fortume
1155 3792 1285 3878 regendi

258 3894 370 3949 cuncta
387 3907 476 3950 onus.
497 3883 628 3969 proinde
645 3883 678 3948 in
700 3884 825 3950 civitate
843 3895 888 3951 tot
906 3885 1088 3951 inlustribus
1111 3886 1187 3950 viris
1210 3884 1286 3950 sub-

257 3977 331 4040 nixa
348 4001 411 4042 non
429 3979 470 4042 ad
487 4001 585 4044 unum
602 3977 707 4044 omnia
724 3979 894 4044 deferrent:
911 3981 1017 4066 plures
1035 3979 1159 4045 facilius
1177 3978 1287 4044 munia

257 4067 303 4132 rei
324 4071 468 4154 publicae
486 4073 611 4140 sociatis
632 4071 792 4140 laboribus
814 4085 1027 4140 exsecuturos.
1058 4073 1137 4138 Plus
1159 4074 1194 4138 in
1216 4095 1286 4139 ora·

258 4161 341 4226 tione
364 4163 418 4228 tali
435 4164 595 4250 dignitatis
617 4186 712 4252 quam
729 4165 803 4233 fidei
824 4178 904 4246 erat;
927 4167 1117 4251 Tiberioque
1140 4168 1235 4232 ctiam
1252 4167 1296 4234 in.
