2960 4962
311 463 514 521 Αιιιιιιιιιιι
531 463 604 517 me.
619 465 668 519 vr.
687 464 959 538 ra-ae.(1e-1r.)
1088 453 1149 520 163

117 569 136 606 ρ.
146 556 186 596 οι.
197 557 233 594 aa.

116 621 350 699 consularibus,
368 631 475 686 cetera
491 620 627 704 equestri
644 621 764 685 familia
782 631 857 699 erat,
876 623 960 686 mitis
978 623 1104 710 ingenio
1117 633 1150 690 et

116 726 263 802 comptae
277 716 453 781 facundiae.
473 714 616 792 Cassius,
634 715 750 800 plebeii
759 715 879 780 Romae
892 717 1026 801 generis,
1040 729 1149 782 v'erum

115 811 236 893 antiqui
265 809 484 892 honoratique,
512 818 544 873 et
566 830 677 874 severa
698 809 797 894 patris
820 809 985 895 disciplina
1007 810 1148 888 eductus,

115 904 269 968 facilitate
296 903 422 988 saepius
449 923 544 985 quam
570 902 725 967 industria
750 903 1042 970 commendabatur:
1076 904 1150 970 huie

115 997 308 1074 Drusillam,
335 995 461 1060 Vinicio
487 995 602 1060 Iuliam
624 993 815 1061 Germanico
841 996 965 1082 genitas
988 998 1150 1084 coniungit

116 1112 277 1175 superque
294 1111 334 1154 ea
349 1111 385 1154 re
402 1089 524 1154 senatui
542 1089 664 1166 scribit,
682 1088 746 1153 levi
763 1111 836 1154 cum
854 1090 971 1154 honore
989 1091 1148 1156 iuvenum.

116 1183 186 1247 dein
208 1181 345 1248 redditis
371 1182 532 1248 absentiae
555 1183 659 1248 causis
686 1182 856 1247 admodum
878 1183 969 1269 vagis
996 1183 1084 1249 flexit
1109 1185 1150 1248 ad

115 1278 264 1363 graviora
285 1287 319 1343 et
340 1277 530 1342 offensiones
549 1275 590 1342 ob
612 1300 680 1342 rem
701 1275 860 1362 publicam
882 1288 1023 1364 coeptas,
1051 1288 1148 1363 utque

115 1371 227 1436 Macro
246 1370 427 1457 praefectus
445 1371 701 1455 tribunorumque
719 1380 750 1437 et
763 1373 980 1438 centurionum
993 1374 1087 1459 pauci
1100 1395 1149 1439 se-

116 1487 187 1529 cum
195 1465 373 1542 introirent,
387 1466 531 1549 quotiens
541 1467 659 1531 curiam
668 1466 892 1552 ingrederetur,
906 1468 1030 1553 petivit:
1049 1469 1149 1534 facto-

117 1580 176 1641 que
188 1560 280 1646 large
295 1569 327 1624 et
341 1559 408 1624 sine
420 1560 665 1645 praescriptione
678 1561 803 1646 generis
816 1570 871 1626 aut
883 1562 1005 1628 numeri
1019 1571 1148 1628 senatus

117 1654 261 1718 consulto
279 1676 320 1718 ne
337 1663 421 1718 tecta
438 1653 564 1736 quidem
583 1653 684 1731 urbis,
707 1655 786 1718 adeo
803 1655 964 1739 publicum
982 1657 1148 1722 consilium

118 1768 292 1830 numquam
310 1747 400 1824 adiit,
424 1748 523 1812 deviis
540 1747 725 1832 plerumque
747 1748 909 1815 itineribus
932 1749 1074 1816 ambiens
1092 1774 1146 1837 pa·

118 1842 208 1906 triam
227 1851 259 1908 et
277 1842 449 1908 declinans

179 1935 310 2001 Interea
326 1958 443 2022 magua
459 1935 506 2000 vis
525 1945 742 2001 accusatorum
760 1937 793 2000 in
811 1959 866 2002 eos
879 1937 1006 2022 inrupit,
1024 1939 1080 2022 qui
1092 1959 1147 2022 pe-
1166 1944 1198 1990 22

119 2030 226 2095 eunias
239 2030 370 2094 faenore
383 2029 583 2107 auctitabant,
603 2031 770 2095 adversum
783 2030 887 2115 legem
896 2030 1055 2095 dictatoris
1066 2029 1148 2095 Cae·
1161 2008 1204 2058 (ω)

121 2123 210 2201 auis,
238 2123 360 2208 quade
378 2123 471 2188 modo
489 2124 637 2190 credendi
657 2085 903 2210 possidendique
925 2123 1008 2190 intra
1024 2122 1149 2188 Italiam

120 2227 255 2296 cavetur,
276 2218 428 2282 omissam
444 2217 529 2295 olim,
547 2219 622 2302 quia
635 2219 757 2304 privato
770 2217 844 2282 usui
857 2216 974 2283 bonum
987 2217 1149 2303 publicum

120 2313 328 2396 postponitur.
359 2330 435 2376 sane
457 2322 548 2378 vetus
570 2311 642 2378 urbi
663 2311 810 2378 faenebre
833 2311 951 2376 malum
973 2321 1005 2377 et
1023 2311 1150 2376 seditio-

121 2425 194 2470 num
211 2406 502 2490 discordiammque
524 2406 719 2476 creberrima
729 2428 839 2484 eausa,
863 2427 963 2490 eoque
981 2405 1149 2473 cohibeba-

122 2508 170 2563 tur
194 2501 332 2585 antiquis
358 2523 483 2584 quoque
509 2511 541 2566 et
565 2502 670 2566 minus
701 2502 854 2587 corruptis
885 2502 1039 2568 moribus:
1074 2523 1148 2566 nam

121 2594 220 2676 primo
237 2596 405 2660 duodecim
423 2595 537 2661 tabulis
556 2605 699 2661 sanetum
716 2619 757 2661 ne
773 2597 844 2679 quis
865 2596 1002 2662 unciario
1020 2596 1148 2662 faenore

123 2689 254 2773 amplius
273 2698 441 2776 exerceret,
459 2713 532 2755 cum
549 2700 643 2756 antea
659 2714 699 2756 ex
717 2691 844 2757 libidine
861 2692 1064 2778 locupletium
1081 2692 1149 2778 agi·

123 2791 249 2862 teretur-3
268 2783 341 2848 dein
358 2785 520 2870 rogatione
538 2785 704 2850 tribunicia
720 2787 761 2850 ad
779 2786 955 2852 semuncias
973 2787 1147 2862 redactum;

122 2887 279 2958 postremo
300 2878 397 2942 vetita
421 2901 565 2957 versura3
591 2879 761 2964 multisque
782 2879 884 2963 plebis
912 2879 999 2943 scitis
1022 2878 1148 2943 obviam

122 2970 198 3035 itum
223 2971 404 3050 fraudibus,
426 2994 512 3057 quae
537 2974 651 3038 totiens
674 2991 836 3058 repressae
861 2971 957 3036 miras
983 2993 1040 3055 per
1065 2981 1148 3036 artes

122 3085 244 3130 nusum
257 3065 445 3131 oriebantur.
465 3067 602 3131 sedtum
616 3064 781 3132 Gracchus
794 3073 929 3150 praetor,
943 3063 994 3127 cui
1007 3085 1045 3126 ea
1053 3085 1150 3145 quae-
1213 3149 1216 3156 Ι

124 3159 179 3224 atio
196 3169 358 3238 evenerat,
381 3161 579 3226 multitudine
601 3160 842 3246 periclitantium
864 3156 1014 3222 subactus
1031 3156 1150 3220 rettulit

124 3253 162 3316 ad
174 3264 328 3333 senatum,
347 3256 523 3341 trepidique
534 3266 640 3342 patres
649 3275 802 3338 -neque
817 3253 900 3318 enim
913 3251 1082 3336 quisquam
1096 3249 1150 3316 tali

125 3347 212 3434 culpa
228 3373 350 3415 vacuus
361 3389 402 3398 —
415 3351 542 3416 veniam
559 3374 579 3415 a
590 3350 732 3435 principe
745 3347 894 3434 petivere,
912 3357 944 3412 et
957 3346 1149 3412 concedente

124 3463 220 3509 annus
242 3443 276 3509 in
297 3454 459 3530 posterum
484 3467 604 3528 sexque
625 3466 751 3510 meuses
774 3443 853 3521 dati,
879 3442 952 3528 quis
966 3441 1149 3509 secuudum

124 3534 206 3603 iussa
222 3539 305 3625 legis
321 3540 458 3604 rationes
476 3540 647 3605 familiares
664 3540 799 3624 quisque
816 3547 1046 3625 componerent
1073 3538 1147 3602 hinc
1166 3538 1199 3586 ²³

124 3629 225 3718 inopia
237 3635 283 3699 rei
294 3635 500 3713 nummariae,
516 3645 677 3701 commoto
690 3635 784 3700 simul
796 3635 937 3701 omnium
949 3655 1021 3698 aere
1034 3633 1146 3706 alieno,
1162 3605 1182 3654 (ι
1184 3605 1204 3651 ⁷³

125 3733 153 3788 et
167 3728 243 3812 quia
259 3738 307 3793 tot
324 3729 480 3794 damnatis
503 3729 657 3814 bonisque
674 3751 782 3794 eorum
799 3727 968 3794 divenditis
990 3725 1150 3810 signatum

124 3831 285 3906 argentum
293 3823 373 3888 fisco
380 3823 432 3888 vel
445 3824 564 3889 aerario
577 3822 775 3888 attinebatur.
794 3820 908 3885 adhoc
921 3825 1049 3882 sensura
1060 3835 1151 3899 prae-

125 3917 302 4003 scripserat,
325 3917 405 3984 duas
423 3919 558 4002 quisque
575 3918 712 3983 faenoris
733 3924 839 4000 partes
860 3914 894 3976 in
911 3909 997 3995 agria
1013 3931 1071 3993 per
1087 3907 1151 3970 Ita·

124 4004 193 4075 liam
205 4012 399 4090 conlocaret3
418 4013 476 4078 sed
488 4011 680 4078 creditores
670 4034 704 4074 m
717 4007 853 4074 solidum
868 4001 1077 4090 appellabant,
1090 4021 1152 4064 nec

125 4099 268 4171 decorum
286 4107 453 4192 appellatis
471 4107 612 4172 minuere
633 4105 743 4170 fidem:
765 4101 810 4164 ita
830 4097 933 4184 primo
955 4094 1150 4160 concursatio

126 4203 154 4262 et
166 4221 294 4285 preces3
313 4201 386 4266 dein
404 4211 543 4288 strepere
559 4198 711 4287 praetoris
724 4192 874 4271 tribuual3
892 4210 991 4324 eaqqe
1008 4211 1090 4274 quae
1102 4210 1152 4252 re·

917 4301 951 4355 ll
