3020 4958
338 427 402 494 304
686 435 871 495 CORNELII
885 434 1018 492 TAGITI

1201 527 1370 570 aesinae.

338 597 477 684 exceptis
497 596 591 660 maris
609 595 750 672 casibus3
773 617 848 681 ergo
870 592 1110 680 gubernatores,
1134 596 1280 677 quamvis
1299 618 1372 661 sae-

338 694 441 758 viente
459 691 586 778 pelago,
614 689 785 756 aFormiis
807 709 947 767 movere3
975 699 1007 754 et
1028 689 1119 776 gravi
1135 688 1264 767 Africo,
1290 691 1371 754 dum

338 785 585 874 promontorium
602 783 720 849 Miseni
738 806 885 869 superare
903 785 1104 862 contendunt,
1124 781 1278 850 Cumanis
1296 784 1371 850 lito-

338 881 425 948 ribus
447 879 564 966 inpacti
582 879 753 944 triremium
770 879 936 964 plerasque
954 888 985 944 et
1003 879 1124 944 minora
1145 879 1272 965 navigia
1293 902 1371 965 pas·

339 977 400 1042 sim
417 975 596 1039 amiserunt.

289 1093 322 1139 47
404 1068 484 1134 Fine
502 1068 576 1132 anni
595 1067 761 1154 volgentur
777 1067 934 1153 prodigia,
962 1067 1191 1134 imminentium
1213 1067 1369 1133 malorum

338 1163 457 1228 nuntia.
476 1162 523 1226 vis
542 1161 703 1248 fulgurum
720 1184 784 1226 non
801 1161 877 1226 alias
896 1160 1047 1238 crebrior,
1066 1170 1098 1226 et
1116 1163 1202 1228 sidus
1218 1173 1369 1239 cometes,

239 1273 245 1282 ·
339 1258 491 1344 sanguine
508 1256 620 1321 illustri
639 1279 761 1341 semper
777 1255 894 1322 Neroni
912 1255 1087 1341 expiatum3
1105 1256 1248 1342 bicipites
1267 1257 1371 1322 homi-

338 1374 415 1416 num
433 1350 804 1416 aliorumveanimnlium
822 1359 929 1436 partus
947 1349 1061 1416 abiecti
1083 1350 1116 1415 in
1132 1351 1296 1436 publicum
1314 1362 1372 1416 aut

339 1445 373 1510 in
394 1445 567 1522 sacrificiis,
595 1444 709 1527 quibus
731 1445 878 1530 gravidas
901 1443 1020 1510 hostias
1043 1445 1193 1510 inmolare
1215 1468 1286 1510 mos
1309 1457 1370 1524 est,

338 1539 468 1623 reperti3
487 1546 518 1602 et
534 1538 567 1602 in
585 1560 661 1624 agro
679 1537 863 1603 Placentino
880 1538 965 1602 viam
986 1549 1114 1623 propter
1134 1548 1227 1604 natus
1249 1539 1370 1606 vitulus

339 1633 391 1696 cui
409 1641 503 1717 caput
520 1631 553 1695 in
570 1653 659 1698 crure
678 1640 774 1708 esset,
803 1640 973 1715 secutaque
994 1633 1194 1718 haruspicum
1216 1634 1371 1718 interpre-

339 1728 424 1804 tatio,
443 1727 546 1813 parari
562 1749 666 1794 rerum
684 1726 891 1792 humanarum
908 1727 995 1792 aliud
1012 1738 1120 1812 caput,
1144 1728 1281 1793 sednon
1299 1729 1371 1794 fore

339 1823 478 1887 validum
495 1843 597 1904 neque
615 1819 785 1899 occultum,
813 1821 887 1905 quia
903 1821 937 1884 in
958 1831 1046 1887 utero
1068 1843 1247 1909 repressum
1264 1831 1292 1888 et
1310 1821 1371 1887 iter

339 1917 428 1982 iuxta
445 1916 563 1981 editum
582 1915 630 1981 sit.
868 1973 872 1979 .

290 2029 322 2078 48
404 2005 520 2076 Inehnt
537 2010 651 2076 deinde
669 2010 865 2100 consulatum
880 2007 979 2076 Simus
992 2009 1101 2075 Nunvn
1119 2008 1372 2076 etArncusVn-

342 2130 440 2172 srmus
458 2115 569 2192 coepta
587 2104 681 2171 simul
698 2113 729 2169 et
746 2115 838 2170 aucta
856 2104 1082 2182 coniuratione,
1105 2105 1137 2168 in
1156 2128 1250 2189 quam
1269 2114 1371 2170 certa-

342 2202 431 2266 tatim
448 2200 576 2266 nomina
594 2199 744 2264 dederant
762 2208 935 2276 senatores,
962 2220 1074 2283 eques,
1102 2198 1205 2277 miles,
1232 2197 1370 2264 feminee

341 2297 449 2372 etiam,
476 2317 549 2360 oum
567 2295 638 2360 odio
655 2293 803 2372 Neronis,
830 2305 898 2358 tum
914 2293 1022 2359 favore
1039 2294 1074 2359 in
1092 2292 1130 2359 C.
1147 2294 1312 2359 Pisonem:
1342 2294 1369 2359 is

342 2387 515 2474 Calpurnio
528 2411 642 2474 genere
657 2399 743 2454 ortus
761 2411 799 2454 ao
816 2389 930 2454 multas
945 2389 1147 2476 insignesque
1160 2387 1297 2454 familias
1312 2411 1372 2474 pa·

342 2492 429 2548 terna
454 2480 616 2547 nobilitate
642 2484 839 2567 complexus,
866 2483 950 2548 claro
977 2484 1061 2569 apud
1087 2483 1217 2569 volgum
1242 2504 1369 2548 rumore

340 2587 407 2642 erat
424 2599 481 2661 per
499 2577 644 2640 virtutem
667 2587 721 2640 aut
744 2577 864 2660 species
887 2577 1054 2643 virtutibus
1074 2578 1205 2656 similes3
1232 2599 1371 2661 namque

340 2669 520 2734 facundiam
542 2669 666 2734 tuendis
690 2668 810 2734 civibus
833 2672 1012 2750 exercebat,
1039 2672 1236 2759 largitionem
1258 2673 1373 2738 adver·

340 2787 411 2829 sum
425 2762 542 2828 amicos
557 2772 588 2828 et
601 2761 716 2849 ignotis
731 2785 864 2848 quoque,
884 2766 967 2830 comi
981 2788 1123 2833 sermone
1138 2776 1168 2830 et
1182 2788 1356 2852 congressu
1361 2791 1371 2844 ;

341 2858 471 2924 aderant
491 2856 585 2922 etiam
607 2855 749 2937 fortuita,
777 2879 890 2943 corpus
912 2881 1090 2945 procerum,
1118 2860 1233 2925 decora
1254 2858 1371 2937 faciem

340 2953 397 3018 sed
420 2951 529 3038 procul
550 2951 688 3039 gravitas
712 2975 832 3018 morum
860 2964 914 3018 aut
940 2954 1135 3040 voluptatum
1161 2953 1370 3039 parsimonia3

342 3047 462 3114 lenitati
483 3069 520 3112 ac
545 3047 795 3133 magnificentiae
822 3056 853 3112 et
879 3047 1047 3131 aliquando
1072 3049 1150 3113 luxu
1174 3046 1371 3135 indulgebat,

342 3144 436 3227 idque
453 3141 595 3227 pluribus
614 3141 813 3227 probabatur,
832 3142 932 3226 quiin
945 3152 1031 3208 tanta
1043 3142 1189 3208 vitiorum
1203 3142 1373 3207 dulcedine

342 3260 501 3302 summum
519 3237 684 3321 imperium
696 3260 761 3302 non
773 3237 949 3302 restrictum
962 3259 1021 3302 neo
1034 3259 1235 3322 perseverum
1249 3238 1371 3303 volunt.

291 3352 323 3398 49
405 3329 535 3393 Initium
557 3329 763 3395 coniurationi
784 3354 889 3396 nona
915 3331 1060 3416 cupidine
1082 3332 1182 3418 ipsius
1208 3331 1284 3408 fuit,
1311 3353 1373 3396 nec

341 3431 446 3485 tamen
463 3421 556 3485 facile
575 3424 811 3489 memoraverim
832 3425 903 3508 quis
925 3425 1045 3510 primus
1069 3435 1191 3503 auctor,
1214 3425 1305 3491 ouius
1323 3426 1373 3490 in·

342 3513 457 3580 stinctu
470 3514 627 3578 concitum
641 3515 681 3580 sit
689 3517 775 3599 quod
788 3526 853 3581 tom
866 3518 956 3583 multi
969 3530 1182 3607 sumpserunt:
1200 3520 1373 3605 promptis·

343 3610 438 3702 simos
458 3606 608 3674 Subrium
625 3607 773 3687 Flavum,
797 3610 956 3676 tribunum
977 3613 1150 3699 praetoriae
1168 3613 1319 3690 cohortis,
1340 3624 1372 3680 et

344 3699 519 3790 Sulpicium
528 3701 670 3791 Asprum
687 3705 900 3770 centurionem
918 3707 1059 3773 extitisse
1073 3709 1248 3774 constantia
1265 3709 1371 3774 exitus

343 3798 448 3865 docuit
453 3824 462 3878 ;
480 3809 512 3864 et
528 3798 680 3866 Lucanus
689 3800 843 3866 Annaeus
860 3800 1067 3885 Plautiusque
1081 3802 1259 3867 Lateranus
1280 3800 1374 3888 [con-

344 3895 392 3960 sul
414 3891 611 3981 designatus]
639 3894 745 3959 vivida
767 3894 839 3960 odia
864 3894 1008 3961 intulere:
1034 3896 1203 3962 Lucanum
1224 3897 1373 3983 propriae

343 4010 458 4055 causae
470 3988 691 4065 accendebant,
709 3989 795 4073 quod
808 3981 926 4055 faniam
941 3989 1114 4055 carminum
1126 3990 1194 4056 eius
1207 3991 1373 4075 premebat

342 4080 427 4146 Nero
443 4081 706 4167 prohibueratque
723 4093 889 4162 ostentare,
909 4105 1009 4150 vanus
1028 4083 1248 4161 aemulation03
1271 4083 1372 4149 Late-

342 4194 469 4251 ranum,
496 4176 657 4242 consulem
675 4176 888 4263 designatum,
912 4177 998 4244 nulla
1014 4177 1127 4244 iniuria
1145 4177 1202 4244 sed
1219 4179 1373 4243 amorrei
