2960 4962
235 407 238 417 ι
334 447 396 512 144
684 453 868 512 CORNELII
882 451 1011 510 ΤΑΟΙΤΙ

1174 553 1214 588 οι.
1225 557 1249 586 ιι.
1262 546 1314 586 779.
1326 547 1372 586 780.

331 618 444 684 Liviae
462 625 557 700 atque
578 614 632 680 illa
651 611 766 680 Seiano
783 609 989 696 patefaceret3
1011 612 1066 695 qui
1087 611 1215 678 fratrem
1234 635 1374 697 quoque

331 711 463 776 Neronis
485 710 629 775 Drusum
655 707 749 772 traxit
774 707 807 770 in
832 714 950 791 partes,
979 727 1036 790 spe
1061 705 1184 775 obiecta
1209 708 1374 793 principis

331 806 407 884 loci,
439 805 467 870 si
491 804 627 890 priorem
658 809 759 866 aetate
785 810 816 865 ct
841 800 905 866 iam
935 799 1126 865 labefactum
1157 802 1373 867 demovisset.

333 911 422 966 atrox
438 899 540 964 Drusi
560 897 734 983 ingenium,
757 916 852 980 super
873 894 1052 978 cupidinem
1077 895 1235 979 potentiae
1260 905 1297 960 et
1321 918 1375 962 so-

332 996 388 1061 lita
400 992 549 1060 fratribus
562 991 643 1068 odia,
658 988 887 1055 accendebatur
899 988 1026 1066 invidia,
1041 990 1126 1072 quod
1134 999 1235 1078 mater
1243 989 1375 1076 Agrip-

333 1090 408 1175 pina
436 1086 609 1174 promptior
633 1083 751 1149 Neroni
781 1091 860 1161 erat3
891 1103 993 1166 neque
1023 1092 1128 1148 tamen
1155 1081 1298 1149 Seianus
1327 1085 1375 1148 ita

333 1183 477 1248 Drusum
502 1179 630 1245 fovebat
655 1187 781 1242 utnon
805 1177 838 1240 in
864 1199 937 1242 eum
962 1198 1087 1260 quoque
1118 1177 1240 1243 semina
1266 1178 1374 1242 futuri

333 1277 420 1342 exitii
445 1274 659 1351 meditaretur,
685 1272 803 1359 gnarus
824 1270 1037 1358 praeferocem
1059 1279 1090 1337 et
1110 1271 1233 1338 insidiis
1260 1271 1372 1359 magis

333 1380 531 1457 oportunum.

283 1485 314 1534 61
397 1465 477 1529 Fine
503 1463 576 1528 anni
601 1483 765 1527 excessere
795 1462 936 1548 insignes
962 1461 1021 1526 viri
1046 1459 1180 1527 Asinius
1205 1459 1370 1549 Agrippa,

333 1559 424 1624 claris
442 1556 611 1623 maioribus
625 1579 721 1640 quam
738 1557 870 1622 vetustis
884 1556 1010 1640 vitaque
1027 1579 1091 1621 non
1109 1557 1256 1642 degener,
1276 1555 1368 1638 etQ.

333 1651 498 1728 Haterius,
521 1649 641 1716 familia
659 1649 828 1727 senatoria,
847 1650 1056 1734 eloquentiae,
1079 1651 1183 1733 quaed
1200 1651 1296 1730 vixit,
1317 1671 1370 1715 oe-

253 1803 255 1810 .
332 1744 484 1822 lebratae3
503 1744 695 1810 monimenta
711 1744 830 1830 ingenii
844 1745 910 1809 eius
929 1744 1158 1831 haudperinde
1175 1744 1367 1810 retinentur:

334 1838 452 1904 scilieet
468 1839 587 1925 impetu
609 1838 711 1924 magis
734 1860 831 1922 quam
852 1860 927 1903 cura
950 1835 1088 1925 vigebat,
1112 1847 1209 1922 utque
1231 1840 1368 1904 aliorum

333 1933 494 1999 meditatio
512 1944 544 1998 et
559 1932 649 1998 labor
664 1933 699 1997 in
715 1941 877 2018 posterum
898 1932 1049 2010 valescit„
1065 1933 1111 1997 sic
1127 1933 1252 1998 Haterii
1269 1955 1367 1999 eano-

333 2051 404 2093 rum
421 2028 499 2093 illud
516 2035 548 2092 et
563 2026 722 2113 profluens
740 2049 812 2091 cum
829 2026 900 2111 ipso
918 2025 1011 2091 simul
1029 2026 1200 2091 extinctum
1218 2037 1276 2092 est.
1373 2049 1377 2056 ·

284 2139 316 2189 62
398 2120 446 2186 M.
457 2123 600 2200 mem,
622 2121 665 2186 L.
685 2119 857 2186 Csnrnnmo
876 2118 1056 2186 oonsulibus
1074 2120 1249 2206 ingentium
1266 2119 1366 2186 bello-

334 2239 405 2280 rum
423 2217 544 2282 cladem
566 2215 712 2299 aequavit
729 2215 846 2279 malum
864 2215 1072 2299 inprovisum3
1095 2215 1163 2279 eius
1180 2215 1305 2279 initium
1324 2215 1366 2280 si-

334 2311 401 2374 mul
423 2320 454 2375 et
476 2309 546 2374 linis
574 2308 701 2374 exstitit.
732 2331 806 2373 uam
827 2317 938 2394 coepto
960 2309 1045 2394 apud
1066 2308 1220 2373 Fidenam
1242 2308 1366 2394 amphi-

336 2403 456 2468 theatro
474 2400 592 2467 Atilius
610 2402 739 2485 quidam
755 2401 892 2468 libertini
907 2401 1045 2488 generis,
1069 2423 1131 2485 quo
1150 2402 1365 2487 spectaculum

335 2496 543 2582 gladiatorum
569 2495 754 2574 celebraret,
784 2518 887 2580 neque
917 2495 1122 2562 fundamenta
1146 2517 1202 2582 per
1228 2496 1364 2562 solidum

336 2589 488 2666 subdidit,
510 2611 613 2672 neque
630 2588 728 2654 firmis
746 2589 880 2656 nexibus
897 2589 1035 2677 ligneam
1053 2611 1237 2676 compagem
1256 2612 1365 2676 super·

336 2682 461 2759 struxit,
488 2691 525 2746 ut
545 2682 600 2765 qui
620 2703 684 2748 non
710 2681 901 2749 abundantia
926 2684 1078 2769 pecuniae
1099 2705 1158 2749 neo
1182 2683 1364 2769 municipali

336 2775 520 2853 ambitione,
544 2776 651 2841 sedin
669 2776 826 2842 sordidam
843 2777 1019 2842 mercedem
1039 2778 1073 2842 id
1089 2777 1251 2864 negotium
1268 2799 1364 2860 qnae-

337 2870 472 2936 sivisset.
499 2870 658 2936 adfluxere
680 2870 765 2934 avidi
786 2871 909 2948 talium,
932 2870 1129 2956 imperitante
1148 2871 1276 2936 Tiberio
1292 2893 1365 2957 pro-

337 2963 389 3032 cul
411 2965 623 3049 voluptatibus
645 2964 759 3042 habiti,
786 2965 874 3030 virile
896 2986 934 3029 ac
955 2965 1106 3030 muliebre
1129 2987 1235 3043 secus,
1262 2965 1363 3030 omnis

337 3068 434 3138 aetas,
452 3058 493 3124 ob
506 3059 770 3145 propinquitatem
786 3058 848 3124 loci
861 3058 1006 3136 effusius3
1024 3058 1108 3123 unde
1125 3059 1250 3145 gravior
1266 3059 1363 3144 pestis

337 3154 411 3232 fuit,
430 3153 571 3220 conferta
588 3155 683 3231 mole,
706 3155 779 3219 dein
797 3154 959 3231 convulsa,
983 3153 1059 3218 dum
1076 3153 1138 3218 ruit
1158 3153 1243 3220 intus
1261 3153 1365 3218 autin

338 3248 492 3312 exteriora
509 3248 679 3313 effunditur
690 3249 938 3332 immensamque
956 3248 1020 3312 vim
1034 3247 1224 3326 mortalium,
1244 3257 1366 3333 specta-

338 3340 408 3405 culo
430 3341 565 3418 intentos
592 3332 646 3406 aut
667 3343 722 3425 qui
744 3342 862 3406 circum
887 3341 1067 3420 adstabant,
1093 3363 1244 3427 praeceps
1271 3341 1365 3406 trahit

338 3440 432 3513 atque
457 3433 567 3516 operit.
599 3443 630 3498 et
650 3433 696 3497 illi
722 3435 848 3516 quidem
873 3457 954 3518 quos
980 3436 1167 3521 principium
1194 3436 1307 3522 stragis
1333 3436 1365 3500 in

337 3526 470 3588 mortem
487 3525 663 3604 adflixerat,
686 3536 722 3591 ut
739 3527 794 3591 tali
816 3539 914 3607 sorte,
938 3531 1110 3596 cruciatum
1131 3529 1285 3617 effingere:
1307 3530 1366 3594 mi-

338 3616 463 3684 serandi
483 3618 599 3704 magis,
622 3640 702 3703 quos
724 3619 858 3705 abrupta
873 3633 962 3708 parte
984 3624 1122 3708 corporis
1144 3623 1284 3688 nondum
1301 3623 1366 3688 vita

338 3713 531 3792 deseruerat3
555 3713 609 3798 qui
631 3735 687 3800 per
709 3714 792 3780 diem
810 3716 895 3794 visu,
917 3739 974 3803 per
995 3727 1120 3784 noctem
1141 3717 1313 3784 ululatibus
1335 3727 1366 3784 et

338 3809 458 3896 gemitu
481 3808 630 3896 coniuges
653 3818 707 3875 aut
727 3808 842 3876 liberos
865 3811 1046 3878 noscebant
1077 3812 1142 3876 iam
1164 3812 1260 3878 ceteri
1281 3811 1366 3876 fama

339 3902 442 3982 exciti,
460 3902 512 3968 hio
524 3903 662 3982 fratrem,
680 3903 889 3990 propinquum
906 3905 969 3983 ille,
988 3904 1067 3970 alius
1084 3914 1231 3990 parentes
1248 3905 1367 3970 lamen

339 3997 412 4075 tari3
435 3997 529 4062 etiam
551 4019 684 4083 quorum
701 3999 825 4064 diversa
842 3999 882 4064 de
900 4019 996 4066 causa
1013 3999 1107 4064 amici
1125 4007 1179 4063 aut
1197 3997 1366 4064 necessarii

340 4087 482 4167 aberant,
500 4113 615 4178 pavere
633 4103 752 4171 tamen3
774 4093 953 4177 nequedum
971 4102 1130 4179 comperto
1147 4114 1228 4177 quos
1246 4092 1300 4157 illa
1316 4092 1365 4156 vis

290 4196 322 4246 ss
339 4183 537 4265 perculisset,
560 4185 651 4254 latior
672 4210 712 4253 ex
733 4187 851 4254 incerto
872 4197 985 4256 metus.
1012 4197 1047 4254 ut
1064 4208 1196 4268 coepere
1214 4185 1365 4253 dimoveri
1465 4229 1469 4240 -
