2958 4960
334 389 376 454 34
680 395 863 456 coRNELn
878 397 1012 454 TAOITI

1251 501 1272 530 a
1283 501 1306 532 u,
1316 494 1360 532 res.

334 581 413 624 eum.
441 579 516 622 mox
536 556 665 622 reducto
687 555 728 619 ad
744 552 902 620 Amisiam
924 555 1061 622 exercitu
1082 557 1223 642 legiones
1247 559 1361 640 classe,

333 663 368 718 ut
386 653 568 730 advexerat,
586 658 738 735 reportat3
755 671 828 734 pars
847 649 987 734 equitum
1003 649 1093 715 litore
1112 649 1235 717 Oceani
1253 661 1362 738 petere

333 747 480 813 Rhenum
497 747 597 824 iussa;
621 743 774 822 Caecina,
793 743 847 826 qui
866 765 958 808 suum
975 744 1105 809 militem
1122 745 1274 824 ducebat,
1294 770 1362 814 mo·

332 842 430 920 nitus,
462 861 652 925 quamquam
678 839 759 904 notis
790 837 952 904 itineribus
978 839 1206 925 regrederetur,
1239 839 1361 908 Pontes

332 937 443 1024 longos
453 957 548 1019 quam
557 933 736 998 maturrime
750 954 910 1017 superare:
925 942 1078 1019 angustus
1087 933 1115 1000 is
1123 942 1240 1000 trames
1251 945 1361 1002 vastas

331 1032 412 1096 inter
428 1030 559 1115 paludes
578 1037 609 1093 et
626 1027 784 1110 quondam
802 1049 821 1090 a
837 1027 879 1091 L.
892 1025 1034 1092 Domitio
1051 1036 1235 1114 aggeratus3
1255 1039 1363 1095 cetera

331 1125 452 1202 limosa,
472 1123 593 1187 tenacia
606 1121 696 1208 gravi
713 1142 810 1185 caeno
824 1129 878 1184 aut
894 1120 970 1185 rivis
984 1121 1101 1188 incerta
1119 1131 1219 1200 erant3
1240 1124 1361 1188 circum

332 1219 429 1286 silvae
455 1216 605 1304 paulatim
631 1216 784 1293 adclives3
816 1237 895 1299 quas
922 1223 989 1279 tum
1014 1214 1177 1282 Arminius
1203 1217 1359 1303 implevit,

331 1312 524 1397 compendiis
537 1311 658 1375 viarum
676 1320 708 1374 et
725 1311 787 1374 cito
800 1309 925 1396 agmine
939 1319 1085 1375 onustum
1100 1311 1228 1376 sarcinis
1247 1312 1361 1378 armis-

331 1429 392 1490 que
405 1405 535 1470 militem
549 1426 621 1469 eum
634 1404 854 1470 antevenisset.
878 1401 1034 1470 Caecinae
1047 1405 1201 1470 dubitanti
1219 1427 1359 1489 quonam

330 1500 424 1565 modo
443 1509 551 1584 ruptos
569 1507 724 1565 vetustate
742 1508 853 1584 pontes
876 1509 1040 1584 reponeret
1058 1498 1212 1583 simulque
1229 1499 1360 1586 propul-

330 1602 413 1658 saret
430 1593 562 1670 hostem,
582 1602 684 1657 eastra
701 1593 812 1658 metari
829 1592 862 1655 in
878 1592 948 1658 loco
960 1592 1086 1677 placuit,
1106 1602 1141 1657 ut
1158 1615 1236 1678 opus
1256 1603 1288 1658 et
1306 1593 1359 1658 alii

280 1710 312 1758 64
329 1686 482 1772 proelium
507 1686 687 1771 inciperent.
719 1685 844 1752 barbari
868 1685 1060 1773 perfringere
1084 1687 1232 1752 stationes
1260 1708 1360 1771 seque

329 1781 444 1848 inferre
462 1780 668 1846 munitoribus
686 1780 762 1859 nisi,
781 1780 953 1858 lacessunt,
972 1782 1285 1868 circumgrediuntur,
1305 1803 1360 1846 oe-

330 1887 470 1954 eursant;
501 1875 650 1941 miscetur
676 1875 871 1961 operantium
897 1874 1142 1959 bellantiumque
1168 1876 1299 1953 elamor;
1327 1889 1360 1940 et

330 1980 443 2036 cuneta
462 1970 578 2056 pariter
595 1969 747 2035 Romanis
772 1970 917 2034 adversa:
940 1969 1028 2036 locus
1046 1970 1164 2057 uligine
1185 1969 1358 2055 profunda3

329 2067 413 2131 idem
436 2065 478 2130 ad
498 2065 632 2151 gradum
653 2063 823 2141 instabilis,
845 2063 1086 2148 procedentibus
1108 2062 1245 2129 lubricus
1251 2087 1261 2141 3
1288 2085 1359 2128 cor·
1413 2145 1417 2152 ι

329 2183 405 2246 pora
427 2160 536 2247 gravia
557 2159 662 2225 loricis
668 2184 677 2236 ;
700 2179 802 2242 neque
824 2156 937 2224 librare
958 2157 1023 2243 pila
1043 2157 1124 2222 inter
1144 2158 1245 2224 undas
1268 2167 1360 2244 pote-

329 2264 412 2319 rant:
436 2263 545 2318 eontra
568 2251 738 2318 Cheruscis
762 2260 851 2318 sueta
872 2251 957 2337 apud
977 2251 1108 2337 paludes
1129 2251 1261 2337 proelia,
1284 2273 1360 2335 pro-

330 2369 401 2412 cera
413 2346 563 2424 membra,
577 2346 687 2411 hastae
701 2347 844 2432 ingentes
859 2347 900 2410 ad
912 2346 1042 2410 vulnera
1054 2344 1198 2412 facienda
1211 2347 1358 2429 quamvis

329 2438 447 2525 procul.
470 2461 533 2503 nox
552 2440 679 2504 demum
696 2438 874 2506 inclinantis
892 2439 955 2504 iam
973 2439 1112 2525 legiones
1131 2439 1280 2505 adversae
1297 2461 1360 2524 pu-

321 2556 410 2621 ·gnae
429 2533 552 2598 exemit
577 2531 728 2599 Germani
746 2531 787 2598 ob
799 2555 950 2620 prospera
967 2533 1127 2612 indefessi,
1145 2556 1185 2598 ne
1203 2543 1269 2598 tum
1287 2534 1360 2616 qui-

329 2629 402 2692 dem
424 2637 550 2712 sumpta
571 2627 689 2711 quiete,
712 2636 865 2711 quantum
888 2650 1039 2712 aquarum
1062 2628 1179 2695 circum
1202 2629 1360 2714 surgenti-

328 2721 389 2788 bus
411 2720 494 2806 iugis
521 2721 619 2786 oritur
640 2731 762 2786 vertere
783 2722 816 2786 in
839 2722 993 2801 subiecta;
1020 2744 1185 2806 mersaque
1205 2721 1303 2788 humo
1327 2732 1360 2788 et

329 2816 440 2883 obruto
459 2815 544 2900 quod
563 2815 709 2881 effectum
727 2817 830 2902 operis
854 2817 1029 2902 duplicatus
1047 2815 1139 2881 militi
1155 2815 1252 2882 labor.
1279 2837 1359 2900 qua-

329 2910 542 2998 dragesimum
566 2909 600 2976 id
627 2910 816 2997 stipendium
839 2910 977 2977 Caecina
1001 2911 1131 2996 parendi
1153 2919 1207 2975 aut
1231 2910 1360 2996 imperi-

329 3006 416 3072 tandi
432 3004 584 3084 habebat,
608 3007 817 3072 secundarum
834 3004 1114 3092 ambiguarumque
1130 3026 1235 3070 rerum
1253 3003 1358 3070 sciens

329 3121 429 3186 eoque
446 3099 604 3167 interritus
610 3126 620 3180 ;
642 3101 738 3188 igitur
754 3100 861 3165 futura
882 3100 1011 3165 volvens
1033 3121 1098 3164 non
1114 3099 1200 3164 aliud
1220 3098 1360 3185 repperit

329 3217 425 3279 quam
447 3205 482 3260 ut
503 3194 627 3261 hostem
650 3196 736 3260 silvis
756 3203 924 3272 coerceret,
948 3194 1047 3260 donee
1070 3193 1168 3259 saucii
1190 3201 1359 3276 quantum-

329 3311 390 3374 que
412 3288 564 3375 gravioris
588 3289 722 3377 agminis
746 3289 913 3367 anteirent3
934 3311 1008 3354 nam
1030 3287 1133 3353 medio
1155 3287 1308 3352 montium
1326 3295 1359 3351 et

328 3382 480 3467 paludum
500 3382 719 3468 porrigebatur
742 3382 903 3468 planities,
930 3404 1011 3468 quae
1033 3391 1159 3447 tenuem
1180 3381 1280 3446 aciem
1300 3402 1360 3465 pa-

329 3485 454 3541 teretur.
482 3475 662 3560 deliguntur
683 3476 823 3562 legiones
845 3477 955 3561 quinta
976 3478 1087 3542 dextro
1108 3475 1211 3552 lateri,
1234 3475 1360 3540 unetvi-

331 3568 448 3634 cesima
464 3568 497 3632 in
513 3567 652 3647 laevum,
674 3570 809 3656 primani
831 3571 1009 3637 ducendum
1031 3571 1073 3637 ad
1094 3591 1222 3656 agmen,
1245 3568 1361 3634 vicesi-

330 3685 443 3728 manus
460 3662 628 3729 adversum
646 3672 818 3729 secuturos.

280 3780 312 3829 65
393 3757 466 3824 Nox
490 3779 547 3845 per
572 3757 696 3823 diversa
721 3757 858 3842 inquies,
886 3781 958 3824 eum
984 3759 1109 3826 barbari
1130 3757 1221 3824 sestis
1244 3757 1358 3843 epulis,

329 3854 412 3920 laeto
425 3862 521 3920 cantu
533 3862 587 3918 aut
600 3853 679 3918 truci
693 3874 804 3918 sonore
823 3852 964 3918 subiecta
976 3853 1105 3920 vallium
1122 3875 1160 3920 ao
1176 3851 1358 3918 resultantis

331 3948 428 4014 saltus
456 3947 660 4033 complerent3
687 3947 772 4034 apud
793 3945 954 4013 Romanos
980 3948 1110 4014 invalidi
1130 3948 1235 4034 ignes,
1262 3945 1360 4010 inter-

329 4051 440 4127 ruptae
457 4064 567 4120 vooes,
590 4052 684 4128 atque
700 4042 762 4128 ipsi
779 4041 899 4130 passim
916 4042 1095 4110 adiacerent
1111 4040 1208 4119 vallo,
1232 4037 1360 4106 oberra-

330 4144 399 4200 rent
412 4136 561 4215 tentoriis,
580 4137 739 4204 insomnes
753 4136 854 4224 magis
873 4157 968 4222 quam
980 4138 1148 4225 pervigiles
1154 4161 1163 4215 ;
1182 4135 1358 4218 ducemque
