3084 4960
536 485 659 530 scannia
678 487 896 534 contramuto.
1177 485 1260 534 XVII

165 597 290 666 Seneca,
321 595 451 652 tenuiora
481 599 610 668 exempla
640 605 707 653 sunt
724 599 812 668 risse,
836 600 913 681 qnod
934 599 1004 654 miro
1022 602 1107 656 modo
1130 618 1164 658 cr
1186 607 1262 658 vete-

165 685 239 746 quae
250 665 418 731 Quintiliani
427 666 556 720 feruntur
566 667 705 722 declama·
723 686 785 722 rum
794 675 961 738 scriptorum
972 670 1071 723 studiis
1082 687 1207 742 suaeque
1218 687 1263 726 ae-

163 743 267 789 trones.
313 733 458 788 Ciceronis
488 751 556 788 vero
586 735 705 790 imitatio
723 737 791 791 tatis
804 736 926 791 inventis
940 737 1125 807 compositum
1143 757 1200 793 non
1220 755 1264 792 so-

165 821 336 874 quamquam
351 803 460 856 servilis
474 820 531 856 non
545 811 706 875 eratneqne
724 804 782 858 lum
798 822 902 858 novum
921 813 996 860 esset
1020 807 1069 860 scd
1089 807 1173 862 etiam
1190 807 1263 862 adco

165 872 238 926 adeo
258 878 319 925 tota
338 871 504 936 Quintiliani
527 877 556 926 et
578 875 705 942 egregio·
724 873 813 944 ipsius
832 873 988 943 proprium,
1012 880 1045 927 nt
1066 875 1114 946 qui
1138 873 1265 929 similiter

164 958 227 992 rum
238 937 298 994 eius
308 940 510 1009 discipulorum
521 940 615 994 studia
624 956 706 995 oecu-
725 941 881 1011 scripserit,
899 941 973 996 inter
981 948 1091 996 veteres
1104 943 1264 997 noverimus

164 1009 269 1078 pabat,
288 1014 391 1062 utnon
405 1009 494 1061 muli-a
507 1011 656 1078 praeclara
664 1009 705 1062 in·
724 1009 872 1064 nemiuem.
909 1009 988 1073 Quae
1001 1027 1064 1064 cum
1073 1010 1113 1064 ita
1127 1012 1197 1079 sint,
1216 1011 1264 1064 mi-

166 1077 253 1146 gcnia
271 1077 356 1131 etiam
373 1082 440 1147 post
454 1075 620 1132 Ciceronem
639 1077 705 1132 exti-
724 1080 799 1132 nime
816 1077 900 1131 nobis
918 1078 1084 1132 incredibile
1103 1077 1215 1132 videtur
1232 1079 1262 1132 il-

164 1146 235 1198 tisse
251 1150 281 1199 et
299 1144 353 1198 sibi
367 1161 481 1216 quoque
495 1143 563 1224 ipsis
577 1162 707 1226 magnam
724 1147 783 1200 lum
796 1145 888 1216 ipsum
902 1145 1047 1213 Tacitum,
1068 1147 1116 1216 qui
1130 1147 1264 1201 historiae

165 1212 299 1283 propriae
326 1213 419 1268 laudis
443 1229 553 1282 copiam
579 1215 707 1268 relictam
726 1214 894 1268 scribendae
912 1230 1015 1269 novam
1042 1215 1154 1268 dicendi
1178 1220 1266 1269 artem

166 1297 230 1336 esse
250 1281 483 1350 existimarent&
507 1279 597 1337 fiebat
612 1288 707 1337 tamen
727 1282 867 1350 adhibuit,
874 1281 1027 1352 aliquando
1038 1299 1100 1336 cum
1111 1289 1207 1340 orator
1216 1283 1264 1338 ad·

165 1351 329 1404 necessario
352 1355 384 1403 ut
409 1350 574 1419 eloquentia
601 1367 706 1419 eorum,
725 1352 878 1416 hucesset,
898 1367 932 1404 eo
944 1351 1056 1405 dicendi
1070 1367 1265 1421 genereusum

166 1419 247 1472 cuius
266 1418 378 1488 quidem
397 1435 533 1472 summum
551 1420 707 1489 exemplum
726 1436 803 1488 esse,
822 1420 900 1489 quod
914 1419 943 1472 in
954 1419 1067 1489 dialogo
1083 1420 1265 1487 admiramur3

166 1504 202 1540 ex
225 1485 319 1540 alieno
343 1487 439 1540 seculo
462 1488 615 1556 petendum
637 1493 706 1555 crat,
725 1503 818 1558 neque
827 1504 916 1557 parva
925 1488 987 1542 laus
999 1495 1050 1556 est,
1065 1488 1142 1558 quod
1151 1488 1181 1541 in
1190 1493 1265 1541 utro·

166 1571 300 1625 magnam
329 1560 437 1624 partem
466 1562 528 1624 ,arte
556 1561 585 1609 et
612 1555 706 1610 studio
726 1573 781 1627 que
800 1572 904 1626 genere
924 1555 1006 1610 simul
1021 1562 1050 1610 et
1062 1556 1266 1624 praestantiam

167 1628 352 1694 quaereretur
368 1629 545 1692 repugnante
560 1624 604 1677 sui
618 1624 707 1678 seculi
726 1641 860 1678 summam
869 1631 1017 1678 assecutus
1027 1633 1079 1693 est,
1090 1631 1119 1678 et
1128 1641 1190 1678 eam
1200 1640 1265 1677 con-

165 1697 282 1760 natura,
301 1692 374 1745 adeo
388 1697 515 1761 utquam
528 1691 584 1761 ipsi
598 1693 644 1747 vel
656 1709 706 1761 po·
728 1692 860 1748 stantiam
875 1709 908 1746 ae
921 1692 1101 1761 facilitatem,
1121 1690 1194 1762 quae
1208 1709 1266 1746 non

166 1758 294 1829 pularem
322 1757 436 1813 dicendi
464 1761 705 1830 consuetudinem,
726 1765 786 1815 arte
805 1761 935 1841 quaesita
956 1761 1006 1816 scd
1027 1765 1129 1814 natura
1150 1761 1265 1830 ingenc-

166 1828 214 1882 vel
231 1827 317 1882 etiam
331 1893 332 1896 Ἴ
344 1829 432 1882 artem
454 1829 543 1882 aetati
563 1829 606 1882 illi
628 1845 707 1883 acce·
725 1836 788 1884 rata
798 1830 936 1883 videatur.
970 1829 1139 1884 Nonautcm
1150 1830 1264 1882 creden-

165 1906 246 1966 ptam
270 1902 299 1950 et
324 1896 444 1950 maxime
471 1897 665 1952 blandientem
691 1915 706 1952 e
726 1899 793 1951 dum
803 1902 855 1966 est,
871 1897 949 1968 quod
957 1897 1072 1967 Lipsius
1083 1896 1161 1965 dixit,
1176 1897 1205 1950 in
1216 1897 1266 1950 illa

168 1963 308 2018 communi
334 1981 388 2018 usu
413 1965 550 2020 imbibere
580 1971 707 2035 possent,
726 1965 881 2020 mutatione
899 1983 1017 2034 prorsus
1036 1982 1053 2019 a
1078 1981 1140 2018 sese
1159 1965 1264 2018 abiisse

167 2050 229 2087 eam
239 2033 349 2086 raticne
361 2050 394 2086 ac
404 2031 554 2102 disciplina
568 2051 670 2091 exuere
680 2041 709 2088 et
727 2035 873 2100 Tacitum3
893 2033 997 2087 etenim
1011 2032 1138 2103 quamvis
1154 2032 1266 2086 diversa

168 2101 294 2155 devitare
314 2103 498 2156 studerent&
538 2102 631 2167 Quare
651 2119 708 2156 cre·
728 2103 785 2156 sint
794 2102 845 2155 illa
855 2100 967 2154 dicendi
976 2118 1091 2171 genera,
1106 2100 1161 2153 hoc
1170 2105 1265 2154 tamen

167 2170 235 2223 dere
261 2185 381 2223 necesse
408 2177 452 2224 est
479 2169 545 2224 olim
568 2170 708 2240 Tacitum,
728 2186 873 2224 commune
897 2170 1017 2236 babent,
1046 2168 1123 2240 quod
1146 2173 1175 2221 et
1197 2184 1265 2221 suae

170 2237 287 2290 dumsui
297 2238 386 2291 seculi
395 2239 563 2308 pravitatem
574 2238 708 2308 declinat,
727 2246 877 2308 utrumque
891 2237 1026 2291 materiae
1037 2236 1213 2306 aptissimum
1223 2241 1266 2290 est

168 2305 341 2376 appetivisse
364 2323 426 2360 eam
447 2307 628 2386 eloquentiae
647 2324 708 2377 spc—
728 2315 757 2362 et
774 2307 851 2377 quod
868 2311 1018 2376 utrumque
1042 2305 1130 2359 seculi
1151 2304 1265 2375 ingenio

169 2375 252 2444 ciem,
273 2391 346 2444 quac
360 2392 418 2428 non
433 2381 534 2430 aetatis
550 2392 617 2430 suae
630 2375 708 2446 inge·
728 2374 899 2430 contrarium
913 2375 950 2428 ab
965 2373 1125 2444 artemagis
1141 2379 1169 2427 et
1182 2372 1265 2426 ratio·

168 2443 215 2496 nio
230 2444 282 2496 sed
297 2441 441 2497 Cineronis
455 2444 584 2512 exemplo
600 2443 707 2508 Quinti·
727 2461 762 2498 ne
770 2443 863 2498 Taciti
872 2443 1266 2513 profectumquamconsensu

168 2511 295 2582 lienique
313 2513 475 2580 praeceptis
495 2513 709 2566 accommodata
727 2512 888 2583 aequalium
898 2512 1122 2565 commendatum
1132 2514 1209 2564 est69
1218 2509 1266 2564 Vi-

169 2586 259 2648 esset3
278 2586 381 2648 postea
398 2597 464 2634 vero
484 2597 547 2634 cum
565 2580 603 2634 ad
620 2581 707 2634 histo·
727 2583 810 2635 detur
819 2585 912 2634 autem
922 2578 1053 2650 dialogus
1062 2587 1122 2632 tum
1136 2577 1265 2632 aTacito

167 2648 238 2702 riam
266 2648 447 2702 scribendam
473 2665 504 2704 se
532 2648 710 2770 <contulisseti
729 2649 850 2719 scriptus
873 2664 949 2717 esse,
978 2665 1041 2701 cum
1067 2648 1103 2700 ad
1131 2663 1266 2699 summam

168 2733 265 2770 rursus
288 2717 417 2770 videmus
439 2733 502 2770 eum
523 2717 609 2782 plane
632 2717 689 2771 aliu
729 2716 869 2771 oratoriae
880 2716 948 2770 artis
963 2715 1152 2770 maturitatem
1163 2731 1266 2794 perve3

168 2784 351 2856 eloquentiae
361 2801 451 2854 genus
465 2785 618 2840 artificiose
633 2785 709 2844 effin·
727 2787 829 2840 nisset:
853 2786 925 2839 adeo
945 2784 993 2839 ille
1012 2784 1094 2837 simul
1115 2788 1145 2836 et
1153 2797 1266 2861 ,insigni

728 2854 824 2908 iudicii
841 2853 993 2934 prudentia
1011 2858 1040 2906 et
1054 2857 1265 2930 oratoriserer3

194 2959 218 2997 ot
238 2957 323 2997 Sufficit
332 2957 359 2997 de
368 2957 409 2998 hac
417 2968 453 3007 rc,
467 2969 521 3008 quac
535 2959 609 2999 multis
619 2962 640 2998 et
649 2959 710 2998 testi·
730 2923 808 2976 citati
834 2927 936 2992 penna
963 2927 993 2976 et
1023 2936 1127 2973 summa
1154 2919 1267 2972 dicendi

167 3010 247 3048 moniis
261 3013 283 3048 et
293 3011 399 3058 exemplis
409 3011 542 3059 comprobari
556 3014 639 3060 potest,
654 3011 710 3059 apud
740 3023 895 3030 -—-

169 3059 329 3109 Quintilianum
337 3061 408 3110 legere
418 3062 456 3100 llb.
465 3061 492 3109 X,
503 3064 523 3110 1,
533 3063 636 3101 iis-lar
646 3066 668 3100 et
676 3066 710 3100 to·
754 3061 778 3099 69
795 3060 873 3099 Mirum
882 3060 939 3108 quod
948 3059 1035 3108 Lipsius
1048 3069 1092 3098 non
1106 3059 1209 3106 cogitavit
1218 3060 1267 3096 tan-

168 3117 214 3150 tum
224 3111 323 3152 eiusdem
333 3113 381 3151 libri
395 3116 459 3162 caput
473 3115 492 3160 i,
507 3113 564 3162 quod
578 3116 612 3152 est
625 3113 651 3150 de
662 3113 710 3151 iml·
728 3114 763 3150 tae
777 3113 902 3150 mutationis
916 3121 939 3150 se
952 3112 1023 3159 ipsum
1041 3111 1125 3158 insigne
1144 3108 1267 3156 exemplum

168 3165 263 3208 mtiouet
273 3163 331 3212 apud
336 3164 429 3204 Plinium
438 3165 510 3204 locum
515 3166 576 3204 illum
581 3162 710 3213 ep.vl‚a1‚1.
730 3172 784 3209 esse,
791 3164 828 3210 qul
837 3172 885 3200 cnm
894 3163 1009 3200 maturiore
1019 3163 1090 3198 aetate
1099 3160 1267 3199 constanter'ia·

167 3225 216 3254 sum
225 3225 254 3254 ea
263 3213 343 3268 iis.qni
352 3215 421 3255 rniver
430 3215 539 3268 antiquos,
550 3227 591 3256 nors
600 3221 710 3262 tumeant
729 3215 796 3252 cltum
804 3215 827 3252 ln
841 3213 954 3252 scribimdo
968 3212 1054 3250 imitans
1068 3213 1187 3250 orationem
1201 3211 1266 3248 etiarn

167 3265 395 3324 cuidam,temparum
406 3273 528 3326 nostrorum
538 3266 627 3316 inperia
637 3264 711 3317 despi-
729 3265 836 3304 duriorem
850 3264 969 3326 effingeret,
984 3263 1035 3301 olim
1050 3265 1129 3310 tamen,
1144 3272 1192 3300 cum
1202 3262 1266 3299 lenae

167 3317 533 3421 titvitttttttt{titt
543 3317 711 3419 altissim
729 3313 1268 3415 ritaitittiisinstantissimis

167 3419 311 3468 Ann.111‚55.
321 3431 360 3462 uec
369 3421 441 3462 omnia
450 3421 508 3473 aprici
532 3421 602 3462 riores
611 3419 710 3468 meliora,
729 3420 794 3460 adal.
809 3418 918 3469 cypriano
933 3419 1003 3458 editae
1017 3419 1039 3457 in
1054 3416 1122 3456 Gatal.
1138 3416 1200 3456 codd.
1214 3427 1266 3456 mss.

168 3471 207 3511 sed
216 3476 292 3512 nostru
306 3481 388 3524 ortoque
401 3479 463 3514 actas
477 3433 546 3514 misia
559 3471 632 3514 laudis
642 3478 661 3513 et
673 3483 711 3514 ur·
729 3471 781 3510 bibl.
798 3470 861 3510 Goth.
877 3481 897 3520 p.
912 3471 937 3510 66
951 3470 1008 3509 etin
1023 3469 1080 3508 Clar.
1094 3469 1159 3508 viror.
1178 3477 1226 3516 epp.
1245 3478 1267 3516 p.

168 3521 224 3564 rium
235 3522 345 3563 imitanda
355 3524 448 3573 arusinis
458 3523 519 3566 tatii.
729 3524 767 3563 182
781 3532 813 3570 sq.
828 3526 850 3561 et
862 3523 907 3560 vid.
921 3523 1004 3561 Klotzli
1017 3531 1104 3570 opusne.
1118 3520 1172 3558 varii
1186 3529 1267 3567 argum.

195 3575 220 3613 66
237 3575 315 3622 Longa
329 3575 371 3615 alia
384 3576 439 3614 ratio
452 3575 564 3615 Ciceronis
578 3577 618 3622 est,
632 3575 655 3614 in
669 3585 711 3623 quo
729 3585 778 3624 pag.
788 3575 820 3615 14.
832 3573 897 3613 assu.
907 3574 934 3612 ad
943 3574 1046 3612 Halnecc.
1056 3571 1151 3611 fundam.
1162 3571 1205 3609 still
1216 3570 1268 3608 cult.

168 3625 295 3674 eloquentia
303 3627 405 3674 Romana,
415 3637 469 3675 quae
478 3629 520 3666 lam
530 3630 593 3666 antea
602 3637 640 3675 per
648 3637 712 3674 quos·
729 3637 751 3674 p.
761 3627 850 3674 ilisqq.
865 3625 927 3664 Haud
937 3625 1040 3664 dissimile
1050 3628 1083 3662 est
1092 3623 1189 3670 lingonis
1200 3619 1267 3660 Grotil

168 3677 219 3715 dam
228 3677 289 3725 quasi
299 3677 377 3725 gradum
387 3679 490 3726 paulatim
503 3678 591 3718 exculta
604 3681 668 3724 essct,
682 3679 712 3716 ita
730 3676 861 3726 exemplum,
871 3677 906 3714 cul
916 3676 1012 3715 Annales
1022 3679 1044 3713 et
1053 3675 1159 3713 Historias
1169 3672 1268 3710 derebus

169 3731 216 3766 turn
226 3729 319 3777 primum
329 3729 424 3777 perfecta
434 3730 518 3777 enituit,
528 3733 640 3775 attamen,
651 3727 712 3768 siCi-
730 3727 824 3776 Belgicis
838 3727 940 3767 scribenti
954 3737 1002 3766 cum
1015 3727 1112 3764 Tacitum
1126 3724 1167 3762 slbi
1183 3723 1268 3761 imitan-

170 3789 222 3818 cero
232 3779 305 3818 nullus
315 3780 399 3827 ruisset,
414 3781 477 3820 malti
490 3781 517 3820 ad
527 3791 599 3830 parem
608 3780 712 3819 similem·
730 3779 781 3818 dum
794 3779 947 3828 proposuisset,
962 3781 1036 3816 auctor
1049 3777 1090 3815 tuit
1102 3775 1230 3822 bignonius,
1245 3777 1268 3812 ut

168 3840 212 3878 qua
226 3832 380 3878 praestantiam
393 3832 521 3880 adspiraturl
534 3833 625 3878 inertum
644 3835 667 3870 et
679 3841 712 3869 re·
731 3830 845 3870 Caesarem
859 3831 931 3878 potius
945 3830 1075 3873 imitaretur,
1101 3826 1184 3865 scilieet
1202 3824 1268 3862 libera

169 3883 269 3920 ctissime
277 3882 353 3921 scrtbit
362 3883 413 3922 Tac.
423 3883 475 3922 dial.
485 3885 535 3922 ait
545 3883 572 3922 dc
581 3883 626 3922 elus
635 3884 712 3922 aetatis
731 3883 776 3920 iere
790 3886 824 3920 est
837 3881 985 3928 exemplorum
999 3878 1076 3916 electio
1090 3878 1128 3925 lis,
1147 3877 1184 3924 qui
1197 3875 1268 3914 minus

169 3933 303 3973 oratoribus:
328 3944 367 3974 nec
381 3932 449 3985 russii
465 3934 518 3986 qisod
532 3935 591 3974 inter
605 3944 628 3974 sc
641 3933 713 3984 spacia
731 3936 818 3973 naturae
832 3933 855 3970 vi
869 3935 891 3969 et
904 3931 971 3970 seculi
986 3929 1072 3977 ingenio
1086 3929 1192 3967 ducuntur
1205 3937 1268 3975 quam

169 3982 287 4036 differssni,
297 3995 345 4025 crim
356 3995 432 4036 perere
441 3986 592 4027 curiacntiant:
604 4006 632 4015 -
640 3995 713 4026 omnes
731 3994 769 4024 sao
780 3983 867 4023 arbitrio
881 3985 903 4020 et
915 3983 995 4020 iudicio
1009 3991 1021 4019 e
1034 3980 1111 4019 studils
1125 3981 1213 4024 liausto;
1228 3988 1268 4017 nec

169 4035 263 4076 eandem
272 4035 392 4077 castitatem
402 4034 536 4089 eloquentiae
548 4035 630 4088 [cirsai.
645 4041 679 4084 ut,
693 4037 712 4076 si
731 4034 861 4074 credendum
870 4036 904 4072 est
913 4032 935 4072 ld
944 4043 988 4072 non
998 4032 1073 4070 eadere
1083 4033 1105 4072 ln
1114 4031 1183 4070 Taciti
1193 4030 1268 4069 Plinii-

169 4085 266 4128 omaium
271 4087 363 4138 pariter·
373 4086 440 4128 libros
450 4087 473 4128 in
483 4099 570 4130 macrim
583 4086 713 4138 sirmpserts,
731 4096 772 4135 que
781 4087 881 4131 acutam,
888 4095 937 4123 cum
942 4084 1004 4123 cadat
1013 4083 1186 4122 manifestissime
1192 4082 1214 4120 ln
1219 4091 1267 4142 pro-

168 4137 375 4190 sciar,qrsamuisia
385 4137 713 4190 diversisinpcniiaesscqrsan-
731 4138 812 4176 xlmam
824 4136 951 4182 Frontonis,
970 4137 1054 4183 sintque
1069 4136 1133 4174 etiarn
1150 4136 1268 4192 vetustiora

168 4189 222 4230 ilum
236 4189 317 4231 iudicii
331 4201 357 4233 cc
370 4189 487 4232 collimatis
501 4189 669 4232 similitudinem
687 4201 713 4232 uc
732 4187 831 4236 exempla
845 4187 972 4226 anticiosaa
987 4187 1124 4234 imitationis,
1139 4188 1163 4225 ut
1172 4183 1268 4224 Arruntii

169 4240 331 4292 occansionem.
731 4239 788 4290 apud
797 4239 847 4279 sen,
858 4239 921 4289 epist.
933 4240 977 4278 ΙΙΙ.

227 4307 298 4352 Taciti
312 4308 353 4352 ool.
365 4308 381 4350 1.
1079 4307 1097 4346 ΙΙ
