3020 4958
419 465 628 525 ANNA'LIUM
644 465 718 521 Lll3.
733 465 797 521 XV.
817 465 858 520 73.
869 463 910 518 74.
1116 451 1180 552 31I

150 569 170 608 a·
181 563 222 605 ca.
231 563 268 602 ss.

150 627 383 698 commentariis
411 635 538 692 senatus
565 623 722 689 Cerialem
748 621 912 699 Anicium,
940 621 1100 687 consulem
1126 621 1181 686 de·

150 726 325 812 signatum,
352 743 411 807 pro
433 718 587 785 sententia
604 716 724 782 dixisse
746 726 782 782 ut
803 716 955 801 ¹templum
972 713 1046 779 divo
1062 714 1180 780 Neroni

149 839 244 902 quam
263 813 445 880 maturrime
462 812 589 898 publica
605 810 740 897 pecunia
756 819 932 895 poneretur,
951 808 1035 893 quod
1053 807 1180 890 quidem

149 912 200 976 ille
227 907 418 974 decernebat
445 917 606 990 tamquam
632 904 765 970 mortale
795 903 959 990 fastigium
990 923 1118 988 egresso
1149 911 1181 965 et

148 1004 385 1071 venerationem
402 1001 565 1066 hominum
582 999 708 1064 merito:
729 996 828 1084 [Nero
841 998 1010 1084 prohibuit,
1033 993 1084 1082 nc]
1103 1017 1182 1079 quo-

148 1098 283 1163 rundam
301 1095 392 1160 dolus
410 1096 450 1160 ad
472 1094 577 1160 emina
595 1093 644 1158 sui
662 1093 765 1158 exitus
788 1101 967 1157 verteretur.
994 1113 1069 1156 nam
1087 1091 1182 1155 deum

148 1193 250 1257 honor
266 1189 401 1276 principi
419 1211 482 1254 non
500 1197 571 1254 ante
585 1186 719 1252 habetur
731 1207 827 1271 quam
840 1209 933 1273 agere
946 1185 1027 1251 inter
1039 1184 1181 1250 homines

149 1287 288 1352 desierit.

565 1379 775 1388 ——.-.-

475 1467 689 1526 CORNELII
707 1465 863 1524 TACITI

325 1609 1018 1730 ANNALIUM

408 1790 458 1840 AB
476 1791 646 1843 EXCESSU
665 1791 747 1841 DIVI
764 1789 932 1843 AUGUSTI

390 1947 526 2002 LIBER
547 1946 720 2005 SEXTUS
742 1944 954 2003 DECIMUS.

580 2104 765 2146 nnnvmmuss.

205 2189 275 2260 Cap.
286 2189 370 2242 1-3,
381 2187 481 2242 Illudit
490 2186 606 2242 fortuna
615 2185 862 2242 vanitatiNeronis
872 2185 1059 2256 perBassum,
1068 2185 1116 2258 qui
1125 2185 1185 2241 the·

154 2285 269 2323 sautum
282 2266 312 2320 in
326 2265 460 2322 Numidia
475 2264 622 2320 defossum
639 2265 736 2334 iactat,
755 2281 839 2335 quem
852 2264 930 2320 Nero
945 2263 1051 2318 frustra
1065 2263 1185 2336 quaerit.

152 2346 178 2398 4.
192 2342 306 2398 lustrali
320 2344 474 2397 certamine
492 2342 612 2397 victoria
630 2347 730 2397 cantus
745 2341 844 2396 oblata
857 2340 965 2397 Neroni
980 2347 1010 2396 et
1023 2357 1129 2396 corona
1143 2340 1184 2395 ia-

154 2421 285 2476 cundiae.
303 2419 327 2474 5.
337 2419 367 2473 in
376 2435 411 2474 eo
423 2420 588 2489 spectaculo
598 2418 759 2474 auditorum
773 2419 905 2474 molestia
919 2423 949 2474 et
957 2415 1128 2488 Vespasiani
1138 2435 1185 2488 pe·

153 2499 286 2552 riculum.
304 2497 328 2549 6.
340 2496 506 2566 Poppaeam
515 2501 654 2550 mortuam
664 2496 763 2550 laudat
773 2496 848 2552 Nero
860 2496 937 2566 apud
947 2501 1048 2550 rostra.

206 2574 291 2627 7-9.
305 2571 386 2625 Pulsi
401 2570 519 2626 Cassius
534 2577 564 2626 et
577 2571 691 2626 Silanus
705 2577 852 2627 necantur.
871 2573 964 2627 10.11.
976 2572 1185 2629 tavanorum

154 2649 253 2704 Sextia
263 2665 347 2703 soeru
357 2648 524 2704 etPollueia
533 2648 593 2704 filia
602 2649 683 2719 perit.
711 2649 752 2704 12.
763 2649 939 2704 accusatoris
948 2651 1082 2721 praemia.
1109 2668 1186 2706 men·

154 2727 227 2780 sium
236 2741 312 2780 nova
320 2724 443 2780 nomina.
463 2725 504 2778 13.
514 2726 628 2780 turbine
638 2731 786 2781 ventorum
797 2731 909 2783 vastata
919 2725 1083 2798 Campania.
1100 2727 1186 2799 pesti-

154 2803 253 2858 lentia
280 2802 504 2873 Lugdunensem
523 2802 633 2858 cladem
650 2803 783 2874 princeps
802 2804 920 2860 solatur.
951 2803 993 2858 14
1012 2804 1054 2858 15.
1073 2803 1187 2860 Sosiani

154 2879 257 2934 fraude
268 2877 476 2934 Chaldaeorum
486 2879 673 2947 consultam,
688 2880 720 2933 P.
731 2878 852 2934 Anteius
867 2885 896 2934 et
906 2879 1036 2934 Ostorius
1051 2878 1186 2951 Scapula,

154 2955 245 3012 delati
254 2962 372 3010 mortem
382 2955 453 3010 iussi
461 2961 624 3026 properant
643 2957 685 3010 16.
695 2954 788 3010 Taciti
799 2971 884 3024 super
893 2960 937 3008 tot
947 2955 1077 3009 cladibus
1088 2972 1187 3026 quere-

154 3035 209 3088 lae.
230 3034 272 3087 17.
281 3033 381 3088 Rufius
392 3033 539 3105 Crispinus
554 3041 670 3089 coactus
681 3051 712 3090 se
726 3031 869 3088 interficit
896 3033 973 3087 Mela
987 3031 1070 3086 falsis
1083 3033 1185 3088 litteris

155 3112 372 3180 circumventus,
384 3111 524 3182 similique
539 3118 600 3168 arte
610 3110 738 3167 Cerialis.
758 3111 799 3165 18.
809 3111 851 3165 19.
861 3108 891 3165 C.
900 3109 1062 3178 Petronius,
1075 3109 1185 3163 erudito

154 3189 225 3241 luxu
242 3193 338 3257 notus,
356 3189 491 3260 Tigellini
509 3188 618 3245 invidia
634 3205 748 3258 exosus,
767 3204 855 3242 venas
873 3187 928 3241 sibi
941 3185 1055 3256 incidit,
1075 3184 1186 3255 flagitia

154 3263 279 3336 principi
290 3266 430 3320 codicillis
441 3267 602 3336 exprobrat.
620 3267 663 3321 20.
673 3265 739 3321 inde
751 3264 838 3320 Sillae
847 3264 969 3320 exilium.

208 3341 329 3396 21-23.
352 3342 510 3398 Thraseam
528 3344 649 3398 Paetum
667 3347 804 3398 accusant
821 3340 1009 3397 Cossutianus
1027 3346 1057 3396 et
1074 3340 1186 3414 Eprius,

155 3417 278 3472 Baream
288 3417 427 3474 Soranum
438 3417 568 3474 Ostorius
579 3419 711 3496 Sabinus.
729 3419 771 3474 24.
783 3420 821 3474 ad
827 3419 970 3477 Neronem
979 3417 1128 3476 codicillos
1139 3420 1189 3475 dat

155 3494 296 3548 Thrasea
306 3493 534 3566 ispatresvocari
544 3496 632 3552 iubet.
650 3495 1189 3554 25.26.eonsultatThraseaanincuria

155 3569 354 3626 defensionem
363 3578 491 3644 temptet.
509 3574 551 3628 27.
561 3573 638 3629 Nero
653 3581 783 3630 senatum
794 3575 878 3631 armis
889 3574 1012 3645 obsidet,
1026 3575 1189 3646 infrequen-

156 3645 226 3700 tiam
238 3652 351 3716 patrum
368 3650 471 3720 arguit
490 3650 610 3704 uta-30.
620 3651 774 3726 Marcellus
788 3652 892 3722 Eprius
901 3652 1072 3720 Thraseam,
1091 3649 1189 3704 Helvi·

157 3722 244 3794 dium,
255 3723 451 3796 Agrippinum,
462 3726 638 3797 Montanum,
650 3729 781 3783 Ostorius
790 3729 913 3784 Baream
927 3743 990 3782 cum
998 3725 1059 3781 filia
1069 3725 1189 3781 Servilia

156 3807 304 3855 accusant.
313 3802 457 3858 3l.eorum
467 3804 638 3859 miserabilis
648 3799 777 3860 defensio
787 3806 817 3858 in
828 3809 936 3870 senatu.
954 3801 1187 3873 32.33.Egnah'ns

156 3878 378 3946 pseudostoieus
388 3880 497 3951 perfide
507 3882 537 3936 in
547 3881 687 3938 Soranum
697 3881 772 3952 agit,
783 3881 828 3936 cui
838 3880 954 3935 Cassius
963 3877 1188 3949 Asclepiodotus

158 3955 303 4026 egregiam
312 3955 398 4012 fidem
407 3965 543 4028 praestat.
561 3957 987 4028 Thraseae‚Sorano,Serviliae
998 3957 1081 4010 datur
1090 3956 1188 4010 mortis

157 4031 314 4087 arbitrium.
337 4033 498 4106 Helvidius,
514 4035 659 4091 Paconius
669 4035 754 4091 Italia
762 4035 847 4105 pulsi.
874 4034 1029 4088 Montanus
1039 4031 1113 4103 patri
1123 4048 1189 4087 ecn-

158 4122 266 4162 cessus.
284 4116 468 4167 accusatores
477 4112 657 4168 remunerati.
674 4111 717 4166 34
727 4111 856 4167 Thrasea
863 4110 937 4166 libat
945 4108 1171 4166 Ioviliberatori.

208 4183 287 4240 Anni
295 4185 380 4242 unius
391 4189 463 4246 haec
473 4195 564 4261 gesta,
574 4189 604 4244 C.
615 4188 762 4254 Suetonio,
772 4189 806 4244 L.
817 4187 921 4244 Pontio
932 4187 1066 4244 Telesino
1077 4203 1151 4246 coss.
