2958 4960
391 471 600 530 murmuri
615 471 692 526 ΠΒ.
702 473 728 526 l.
745 473 865 528 'ib-81.
1098 462 1139 527 41

124 576 145 615 p.
155 563 197 604 Ch.
206 565 238 604 15.

122 645 216 719 gusto
232 629 407 716 petentibus
415 629 571 715 Hispanis
586 629 786 714 pmrnissum,
803 629 975 714 datumque
986 632 1020 696 in
1032 654 1142 699 omnes

123 726 295 810 provincias
318 724 510 808 exemplum.
537 722 741 786 centesimam
761 746 867 788 rerum
887 725 1046 790 renalium
1068 737 1142 812 post

124 819 206 884 bella
231 818 332 882 civilia
355 818 534 882 institutam
562 816 902 902 deprecantepopulo,
928 819 1026 884 edixit
1047 819 1143 886 'libe-

121 914 186 978 rius
213 913 342 978 militare
368 911 522 976 aerarium
548 933 588 976 eo
609 911 751 976 subsidio
774 913 847 989 niti;
872 912 967 977 simul
991 913 1143 998 imperem

122 1007 209 1072 oneri
225 1029 289 1070 rem
306 1005 480 1090 publicam,
506 1004 568 1068 nisi
584 1005 735 1069 vicesimo
755 1006 885 1070 militiae
905 1028 989 1070 anno
1005 1008 1143 1072 veterani

122 1101 359 1166 dimitterentrn:
385 1101 431 1164 ita
445 1099 606 1184 proximae
624 1099 784 1164 seditionis
800 1100 883 1165 male
900 1100 1057 1177 consulta,
1075 1102 1144 1184 qui-

123 1193 181 1258 bus
204 1194 340 1259 sedecim
358 1193 584 1279 stipendiorum
600 1192 697 1258 finem
718 1204 950 1279 expresserant,
977 1193 1094 1260 abolita
1110 1195 1144 1260 in

123 1298 290 1372 posterum.

182 1380 303 1447 Actum
320 1381 433 1446 deinde
450 1381 484 1445 in
501 1391 612 1446 senatu
629 1380 670 1446 ab
690 1379 844 1448 Arruntio
861 1393 893 1448 et
908 1382 1019 1462 Ateio,
1042 1407 1084 1449 an
1100 1382 1142 1449 ob
1161 1405 1175 1450 t

123 1476 326 1540 moderandas
348 1475 474 1540 Tiberis
496 1475 722 1540 exundationes
747 1485 941 1542 verterentur
960 1478 1091 1543 flumina
1111 1487 1142 1544 et

123 1569 215 1648 lacus,
233 1593 291 1656 per
308 1591 388 1653 quos
407 1569 562 1655 augescit3
581 1569 768 1654 auditaeque
784 1571 1024 1658 municipiorum
1041 1583 1073 1638 et
1090 1595 1143 1638 co-

26 1707 36 1736 ,
123 1662 271 1728 loniarum
288 1664 473 1750 legationes,
491 1662 652 1727 orantibus
660 1663 860 1743 Florentinis,
877 1689 916 1730 ne
927 1665 1036 1732 Clanis
1050 1667 1142 1734 solito

124 1757 207 1822 alveo
224 1759 369 1822 demotus
387 1757 421 1820 in
438 1778 563 1821 amnem
575 1755 700 1820 Arnum
717 1759 937 1824 transferretur
952 1761 1046 1846 idque
1065 1762 1142 1848 ipsis

122 1853 287 1935 perniciem
314 1852 457 1929 afferren
484 1852 688 1938 congruentia
712 1853 761 1918 his
788 1853 1016 1922 Interamnates
1043 1857 1143 1923 disse·

123 1969 220 2012 ruere:
251 1970 383 2033 pessum
408 1947 506 2012 ituros
537 1948 778 2012 fecundissimos
804 1949 915 2014 Italiae
941 1973 1084 2036 campos,
1116 1953 1144 2016 si

124 2044 218 2108 amnis
231 2042 262 2106 N
262 2065 299 2106 ar
307 2042 392 2104 -id
405 2042 489 2105 euim
501 2042 719 2126 parabatur—
732 2042 767 2106 in
777 2044 862 2108 rivos
876 2044 1021 2110 diductus
1036 2068 1145 2131 super-

125 2136 344 2222 stagnavisset3
362 2157 422 2199 nec
429 2134 555 2200 Reatini
573 2135 716 2213 silebant,
734 2135 883 2200 Velinum
900 2137 1013 2216 lacum,
1032 2159 1095 2221 qua
1111 2139 1144 2203 in

123 2227 233 2293 Narem
251 2229 438 2306 effunditur,
462 2229 582 2295 obstrui
597 2238 793 2295 recusantes:
816 2231 932 2316 quippe
950 2231 983 2295 in
1001 2231 1145 2296 adiacen-

125 2321 163 2387 tia
174 2333 372 2409 erupturum3
391 2332 518 2408 optume
534 2323 629 2389 rebus
643 2324 820 2390 mortalium
838 2323 1033 2390 cousuluisse
1054 2335 1145 2392 uatu-

124 2440 193 2496 ram,
207 2440 290 2502 quae
305 2440 363 2482 sua
376 2440 431 2482 cra
443 2417 634 2496 fluminibus,
650 2440 724 2482 suos
738 2440 858 2496 cursus,
872 2429 968 2502 utque
981 2419 1143 2506 originem,

125 2510 163 2576 ita
186 2513 266 2578 fines
295 2512 429 2591 dederit3
456 2513 641 2598 spectandas
665 2512 759 2576 etiam
784 2513 950 2600 religiones
980 2515 1144 2594 maiorum,

125 2607 172 2687 qui
190 2630 282 2672 sacra
299 2615 331 2670 et
347 2607 435 2671 lucos
454 2616 485 2670 ct
502 2631 571 2672 aras
585 2607 693 2693 patriis
707 2607 851 2673 amnibus
865 2609 1051 2688 dicaverint3
1069 2611 1145 2694 quin

87 2745 90 2750 -
125 2699 221 2785 ipsum
239 2701 383 2766 Tiberim
405 2701 487 2767 nolle
510 2724 640 2787 prorsus
663 2701 777 2767 accolis
799 2701 902 2768 fluviis
922 2703 1065 2770 orbatum
1087 2705 1146 2769 mi-

125 2816 192 2860 nore
209 2796 312 2882 gloria
333 2795 439 2860 fluere.
475 2818 533 2860 seu
553 2818 662 2881 preces
685 2794 876 2862 coloniarum
898 2820 956 2863 seu
976 2797 1145 2864 difficultas

126 2909 249 2973 opennn
278 2889 345 2954 sive
372 2889 550 2974 superstitio
572 2890 670 2954 valuit
696 2900 731 2954 ut
756 2891 790 2956 iu
812 2893 997 2957 sententiam
1018 2892 1145 2959 Pisonis

127 2986 352 3062 concederetur,
371 2985 425 3067 qui
442 2985 487 3048 nil
504 2985 687 3049 mutandum
707 2995 879 3051 censuerat.

184 3079 379 3164 Prorogatur
395 3078 546 3163 Poppaeo
565 3077 684 3144 Sabino
702 3079 863 3164 provincia
879 3078 1013 3156 Moesia,
1033 3079 1145 3144 additis
1165 3099 1197 3148 80

126 3169 243 3238 Achaia
261 3171 505 3238 acMaccdonia.
523 3173 556 3238 id
573 3195 698 3258 quoque
717 3195 840 3236 morum
849 3171 968 3237 Tiberii
985 3171 1054 3248 fuit,
1074 3194 1148 3238 oon-

127 3265 239 3332 tinuare
257 3266 389 3351 imperia
405 3289 443 3331 ac
459 3267 625 3353 plerosque
639 3269 680 3332 ad
693 3267 789 3332 finem
802 3266 884 3332 vitae
897 3266 931 3330 in
944 3264 1045 3332 isdem
1060 3288 1147 3332 exer-

127 3361 232 3427 citibus
252 3371 307 3424 ant
318 3361 583 3430 iurisdictionibus
598 3362 721 3427 habere.
741 3385 855 3427 causae
869 3361 954 3427 varie
969 3362 1145 3428 traduntur:
1163 3405 1168 3418 ·

127 3453 171 3519 alii
193 3455 299 3520 taedio
322 3478 422 3520 novae
440 3479 532 3521 curae
552 3454 648 3521 semel
669 3457 784 3541 placita
805 3479 862 3542 pro
885 3457 1018 3522 aeternis
1042 3481 1148 3524 sorva-

127 3547 217 3630 tisse3
246 3549 375 3633 quidam
400 3549 533 3627 invidia,
559 3572 599 3614 ne
629 3549 734 3634 plures
767 3549 958 3630 fruerentur3
995 3561 1067 3618 sunt
1093 3553 1147 3637 qui

127 3644 314 3720 existiment,
342 3652 377 3707 ut
394 3643 540 3708 callidum
564 3644 631 3708 eius
653 3644 829 3729 ingenium,
856 3645 900 3710 ita
917 3646 1045 3710 anxium
1066 3646 1148 3711 iudi·

128 3736 217 3816 cium3
245 3759 348 3821 neque
371 3737 454 3801 enim
476 3736 641 3802 eminentis
664 3738 793 3803 virtutes
818 3738 1009 3816 sectabatur,
1033 3748 1065 3802 et
1081 3761 1148 3804 rur-

127 3852 191 3895 sum
212 3832 292 3896 vitia
313 3831 436 3896 oderatz
463 3851 503 3894 ex
525 3831 650 3917 optimis
671 3832 845 3916 periculum
864 3830 937 3907 sibi,
966 3831 1147 3916 spessimis

127 3923 257 3989 dedecus
282 3924 445 4010 publicum
466 3925 638 3990 metuebat:
670 3947 733 4010 qua
757 3925 963 3991 haesitatione
989 3935 1147 4010 postremo

126 4038 157 4082 eo
187 4029 357 4105 provectus
389 4029 499 4084 estut
527 4020 721 4086 mandaverit
751 4019 940 4106 quibusdam
969 4021 1147 4108 provincias

127 4133 199 4194 quos
218 4114 329 4200 egredi
346 4113 422 4179 urbe
440 4137 504 4179 non
520 4124 586 4178 erat
603 4136 763 4199 passurus.

182 4209 237 4274 De
256 4209 390 4274 comitiis
409 4207 639 4288 consularibus,
658 4231 739 4293 quac
757 4219 823 4274 tum
839 4210 975 4296 primum
993 4210 1046 4278 illo
1063 4212 1147 4298 prin·
1165 4181 1196 4276 et
