<?xml version="1.0" encoding="UTF-8"?>
<!DOCTYPE html PUBLIC "-//W3C//DTD XHTML 1.0 Transitional//EN"
    "http://www.w3.org/TR/xhtml1/DTD/xhtml1-transitional.dtd">
<html xmlns="http://www.w3.org/1999/xhtml" xml:lang="en" lang="en">
 <head>
  <title>
</title>
<meta http-equiv="Content-Type" content="text/html;charset=utf-8" />
  <meta name='ocr-system' content='tesseract 3.04.00' />
  <meta name='ocr-capabilities' content='ocr_page ocr_carea ocr_par ocr_line ocrx_word'/>
</head>
<body>
  <div class='ocr_page' id='page_1' title='image "./corneliitacitio00haasgoog_0177.png"; bbox 0 0 2960 4962; ppageno 0'>
   <div class='ocr_carea' id='block_1_1' title="bbox 335 439 1015 504">
    <p class='ocr_par' dir='ltr' id='par_1_1' title="bbox 335 439 1015 504">
     <span class='ocr_line' id='line_1_1' title="bbox 335 439 1015 504; baseline -0.009 0"><span class='ocrx_word' id='word_1_1' title='bbox 335 439 398 504; x_wconf 88' lang='lat'>100</span> <span class='ocrx_word' id='word_1_2' title='bbox 681 443 866 502; x_wconf 77' lang='lat' dir='ltr'>CORNELII</span> <span class='ocrx_word' id='word_1_3' title='bbox 880 441 1015 498; x_wconf 80' lang='lat' dir='ltr'>&#39;PACITI</span> 
     </span>
    </p>
   </div>
   <div class='ocr_carea' id='block_1_2' title="bbox 232 537 1390 4288">
    <p class='ocr_par' dir='ltr' id='par_1_2' title="bbox 320 537 1381 1071">
     <span class='ocr_line' id='line_1_2' title="bbox 1254 537 1381 576; baseline 0.016 -2"><span class='ocrx_word' id='word_1_4' title='bbox 1254 545 1276 576; x_wconf 76' lang='lat' dir='ltr'>a.</span> <span class='ocrx_word' id='word_1_5' title='bbox 1288 545 1313 575; x_wconf 89' lang='lat' dir='ltr'>u.</span> <span class='ocrx_word' id='word_1_6' title='bbox 1326 537 1381 576; x_wconf 78' lang='grc'><strong>774.</strong></span> 
     </span>
     <span class='ocr_line' id='line_1_3' title="bbox 333 600 1381 687; baseline -0.01 -9"><span class='ocrx_word' id='word_1_7' title='bbox 333 609 395 678; x_wconf 87' lang='lat' dir='ltr'>tela</span> <span class='ocrx_word' id='word_1_8' title='bbox 417 615 503 684; x_wconf 89' lang='lat' dir='ltr'>sunt;</span> <span class='ocrx_word' id='word_1_9' title='bbox 527 603 685 670; x_wconf 85' lang='lat' dir='ltr'>adduntur</span> <span class='ocrx_word' id='word_1_10' title='bbox 702 623 719 666; x_wconf 90' lang='lat' dir='ltr'>e</span> <span class='ocrx_word' id='word_1_11' title='bbox 738 600 871 668; x_wconf 88' lang='lat' dir='ltr'>servitiis</span> <span class='ocrx_word' id='word_1_12' title='bbox 894 600 1087 686; x_wconf 80' lang='lat' dir='ltr'>gladiaturae</span> <span class='ocrx_word' id='word_1_13' title='bbox 1109 602 1273 680; x_wconf 89' lang='lat' dir='ltr'>destinati,</span> <span class='ocrx_word' id='word_1_14' title='bbox 1298 604 1381 687; x_wconf 90' lang='lat' dir='ltr'>qui-</span> 
     </span>
     <span class='ocr_line' id='line_1_4' title="bbox 320 696 1379 787; baseline -0.007 -16"><span class='ocrx_word' id='word_1_15' title='bbox 320 705 393 772; x_wconf 89' lang='lat' dir='ltr'>-bus</span> <span class='ocrx_word' id='word_1_16' title='bbox 414 723 501 768; x_wconf 80' lang='lat' dir='ltr'>more</span> <span class='ocrx_word' id='word_1_17' title='bbox 522 699 647 787; x_wconf 85' lang='lat' dir='ltr'>gentico</span> <span class='ocrx_word' id='word_1_18' title='bbox 669 697 851 762; x_wconf 89' lang='lat' dir='ltr'>continuum</span> <span class='ocrx_word' id='word_1_19' title='bbox 868 696 943 762; x_wconf 84' lang='lat' dir='ltr'>ferri</span> <span class='ocrx_word' id='word_1_20' title='bbox 965 696 1115 783; x_wconf 90' lang='lat' dir='ltr'>tegimen:</span> <span class='ocrx_word' id='word_1_21' title='bbox 1138 698 1379 784; x_wconf 81' lang='lat' dir='ltr'>cruppellarios</span> 
     </span>
     <span class='ocr_line' id='line_1_5' title="bbox 332 789 1379 880; baseline -0.004 -17"><span class='ocrx_word' id='word_1_22' title='bbox 332 806 460 875; x_wconf 85' lang='lat' dir='ltr'>vocant,</span> <span class='ocrx_word' id='word_1_23' title='bbox 487 792 658 862; x_wconf 83' lang='lat' dir='ltr'>inferendis</span> <span class='ocrx_word' id='word_1_24' title='bbox 678 791 794 857; x_wconf 87' lang='lat' dir='ltr'>ictibus</span> <span class='ocrx_word' id='word_1_25' title='bbox 821 789 990 869; x_wconf 87' lang='lat' dir='ltr'>inhabiles,</span> <span class='ocrx_word' id='word_1_26' title='bbox 1018 792 1207 878; x_wconf 83' lang='lat' dir='ltr'>accipiendis</span> <span class='ocrx_word' id='word_1_27' title='bbox 1234 794 1379 880; x_wconf 88' lang='lat' dir='ltr'>inpene-</span> 
     </span>
     <span class='ocr_line' id='line_1_6' title="bbox 333 885 1377 976; baseline -0.007 -17"><span class='ocrx_word' id='word_1_28' title='bbox 333 891 470 960; x_wconf 88' lang='lat' dir='ltr'>trabiles.</span> <span class='ocrx_word' id='word_1_29' title='bbox 492 887 699 976; x_wconf 86' lang='lat' dir='ltr'>¹augebantur</span> <span class='ocrx_word' id='word_1_30' title='bbox 724 907 780 952; x_wconf 88' lang='lat' dir='ltr'>eae</span> <span class='ocrx_word' id='word_1_31' title='bbox 805 885 913 970; x_wconf 88' lang='lat' dir='ltr'>copiae</span> <span class='ocrx_word' id='word_1_32' title='bbox 939 886 1113 952; x_wconf 88' lang='lat' dir='ltr'>vicinarum</span> <span class='ocrx_word' id='word_1_33' title='bbox 1139 887 1306 952; x_wconf 85' lang='lat' dir='ltr'>civitatum</span> <span class='ocrx_word' id='word_1_34' title='bbox 1337 897 1377 952; x_wconf 91' lang='lat' dir='ltr'>ut</span> 
     </span>
     <span class='ocr_line' id='line_1_7' title="bbox 333 980 1376 1071; baseline -0.005 -19"><span class='ocrx_word' id='word_1_35' title='bbox 333 985 472 1052; x_wconf 91' lang='lat' dir='ltr'>nondum</span> <span class='ocrx_word' id='word_1_36' title='bbox 494 991 601 1071; x_wconf 88' lang='lat' dir='ltr'>aperta</span> <span class='ocrx_word' id='word_1_37' title='bbox 622 980 840 1059; x_wconf 83' lang='lat' dir='ltr'>consensione,</span> <span class='ocrx_word' id='word_1_38' title='bbox 864 980 909 1046; x_wconf 88' lang='lat' dir='ltr'>ita</span> <span class='ocrx_word' id='word_1_39' title='bbox 929 980 1045 1046; x_wconf 87' lang='lat' dir='ltr'>viritim</span> <span class='ocrx_word' id='word_1_40' title='bbox 1066 981 1219 1067; x_wconf 90' lang='lat' dir='ltr'>promptis</span> <span class='ocrx_word' id='word_1_41' title='bbox 1238 983 1376 1060; x_wconf 90' lang='lat' dir='ltr'>studiis,</span> 
     </span>
    </p>

    <p class='ocr_par' dir='ltr' id='par_1_3' title="bbox 232 1071 1377 1354">
     <span class='ocr_line' id='line_1_8' title="bbox 232 1071 1377 1162; baseline -0.007 -14"><span class='ocrx_word' id='word_1_42' title='bbox 232 1099 235 1108; x_wconf 88' lang='grc'><strong><em>·</em></strong></span> <span class='ocrx_word' id='word_1_43' title='bbox 333 1091 365 1148; x_wconf 89' lang='lat' dir='ltr'>et</span> <span class='ocrx_word' id='word_1_44' title='bbox 382 1078 550 1146; x_wconf 84' lang='lat' dir='ltr'>certamine</span> <span class='ocrx_word' id='word_1_45' title='bbox 567 1075 684 1142; x_wconf 89' lang='lat' dir='ltr'>ducum</span> <span class='ocrx_word' id='word_1_46' title='bbox 700 1074 928 1151; x_wconf 82' lang='lat' dir='ltr'>Romanorum,</span> <span class='ocrx_word' id='word_1_47' title='bbox 948 1097 1028 1158; x_wconf 91' lang='lat' dir='ltr'>quos</span> <span class='ocrx_word' id='word_1_48' title='bbox 1046 1075 1127 1140; x_wconf 90' lang='lat' dir='ltr'>inter</span> <span class='ocrx_word' id='word_1_49' title='bbox 1144 1071 1377 1162; x_wconf 80' lang='lat' dir='ltr'>ambigebatur</span> 
     </span>
     <span class='ocr_line' id='line_1_9' title="bbox 332 1167 1374 1259; baseline -0.004 -19"><span class='ocrx_word' id='word_1_50' title='bbox 332 1185 464 1259; x_wconf 91' lang='lat' dir='ltr'>utroque</span> <span class='ocrx_word' id='word_1_51' title='bbox 477 1171 595 1238; x_wconf 88' lang='lat' dir='ltr'>bellum</span> <span class='ocrx_word' id='word_1_52' title='bbox 609 1169 669 1236; x_wconf 87' lang='lat' dir='ltr'>sibi</span> <span class='ocrx_word' id='word_1_53' title='bbox 681 1178 844 1255; x_wconf 87' lang='lat' dir='ltr'>poscente:</span> <span class='ocrx_word' id='word_1_54' title='bbox 862 1191 938 1234; x_wconf 87' lang='lat' dir='ltr'>mox</span> <span class='ocrx_word' id='word_1_55' title='bbox 951 1167 1221 1236; x_wconf 86' lang='lat' dir='ltr'>Varroinvalidus</span> <span class='ocrx_word' id='word_1_56' title='bbox 1236 1181 1374 1237; x_wconf 88' lang='lat' dir='ltr'>senecta</span> 
     </span>
     <span class='ocr_line' id='line_1_10' title="bbox 333 1264 1057 1354; baseline -0.012 -17"><span class='ocrx_word' id='word_1_57' title='bbox 333 1268 452 1354; x_wconf 82' lang='lat' dir='ltr'>vigenti</span> <span class='ocrx_word' id='word_1_58' title='bbox 470 1264 550 1332; x_wconf 88' lang='lat' dir='ltr'>Silio</span> <span class='ocrx_word' id='word_1_59' title='bbox 568 1264 732 1330; x_wconf 85' lang='lat' dir='ltr'>concessit.</span> <span class='ocrx_word' id='word_1_60' title='bbox 814 1270 816 1276; x_wconf 87' lang='lat'>&#39;</span> <span class='ocrx_word' id='word_1_61' title='bbox 1055 1274 1057 1283; x_wconf 81' lang='grc'>’</span> 
     </span>
    </p>

    <p class='ocr_par' dir='ltr' id='par_1_4' title="bbox 283 1358 1372 2674">
     <span class='ocr_line' id='line_1_11' title="bbox 283 1358 1372 1445; baseline -0.004 -15"><span class='ocrx_word' id='word_1_62' title='bbox 283 1385 315 1432; x_wconf 79' lang='lat'>:4</span> <span class='ocrx_word' id='word_1_63' title='bbox 395 1361 444 1428; x_wconf 88' lang='lat' dir='ltr'>At</span> <span class='ocrx_word' id='word_1_64' title='bbox 459 1361 581 1426; x_wconf 83' lang='lat' dir='ltr'>Romae</span> <span class='ocrx_word' id='word_1_65' title='bbox 602 1381 666 1424; x_wconf 91' lang='lat' dir='ltr'>non</span> <span class='ocrx_word' id='word_1_66' title='bbox 684 1358 839 1424; x_wconf 83' lang='lat' dir='ltr'>Treveros</span> <span class='ocrx_word' id='word_1_67' title='bbox 862 1358 956 1426; x_wconf 91' lang='lat' dir='ltr'>modo</span> <span class='ocrx_word' id='word_1_68' title='bbox 979 1370 1010 1424; x_wconf 92' lang='lat' dir='ltr'>et</span> <span class='ocrx_word' id='word_1_69' title='bbox 1027 1360 1173 1438; x_wconf 85' lang='lat' dir='ltr'>Aeduos,</span> <span class='ocrx_word' id='word_1_70' title='bbox 1197 1361 1255 1426; x_wconf 90' lang='lat' dir='ltr'>aed</span> <span class='ocrx_word' id='word_1_71' title='bbox 1272 1371 1372 1445; x_wconf 86' lang='lat' dir='ltr'>quat-</span> 
     </span>
     <span class='ocr_line' id='line_1_12' title="bbox 333 1449 1370 1540; baseline 0 -18"><span class='ocrx_word' id='word_1_72' title='bbox 333 1467 403 1522; x_wconf 89' lang='lat' dir='ltr'>tuor</span> <span class='ocrx_word' id='word_1_73' title='bbox 424 1466 455 1522; x_wconf 90' lang='lat' dir='ltr'>et</span> <span class='ocrx_word' id='word_1_74' title='bbox 478 1454 643 1540; x_wconf 84' lang='lat' dir='ltr'>sexaginta</span> <span class='ocrx_word' id='word_1_75' title='bbox 660 1449 835 1520; x_wconf 86' lang='lat' dir='ltr'>Galliarum</span> <span class='ocrx_word' id='word_1_76' title='bbox 856 1455 998 1520; x_wconf 89' lang='lat' dir='ltr'>civitates</span> <span class='ocrx_word' id='word_1_77' title='bbox 1021 1456 1206 1534; x_wconf 86' lang='lat' dir='ltr'>descivisse,</span> <span class='ocrx_word' id='word_1_78' title='bbox 1234 1457 1370 1522; x_wconf 89' lang='lat' dir='ltr'>adsum-</span> 
     </span>
     <span class='ocr_line' id='line_1_13' title="bbox 331 1544 1368 1637; baseline -0.002 -21"><span class='ocrx_word' id='word_1_79' title='bbox 331 1560 402 1637; x_wconf 90' lang='lat' dir='ltr'>ptos</span> <span class='ocrx_word' id='word_1_80' title='bbox 424 1550 457 1615; x_wconf 88' lang='lat' dir='ltr'>in</span> <span class='ocrx_word' id='word_1_81' title='bbox 479 1549 660 1614; x_wconf 89' lang='lat' dir='ltr'>societatem</span> <span class='ocrx_word' id='word_1_82' title='bbox 679 1544 870 1626; x_wconf 88' lang='lat' dir='ltr'>Germanos,</span> <span class='ocrx_word' id='word_1_83' title='bbox 894 1549 1007 1616; x_wconf 86' lang='lat' dir='ltr'>dubias</span> <span class='ocrx_word' id='word_1_84' title='bbox 1024 1547 1213 1636; x_wconf 74' lang='lat' dir='ltr'>Hispanias,</span> <span class='ocrx_word' id='word_1_85' title='bbox 1238 1559 1368 1626; x_wconf 90' lang='lat' dir='ltr'>cuncta,</span> 
     </span>
     <span class='ocr_line' id='line_1_14' title="bbox 333 1641 1370 1730; baseline 0.002 -22"><span class='ocrx_word' id='word_1_86' title='bbox 333 1655 367 1708; x_wconf 91' lang='lat' dir='ltr'>ut</span> <span class='ocrx_word' id='word_1_87' title='bbox 383 1665 454 1708; x_wconf 88' lang='lat' dir='ltr'>mos</span> <span class='ocrx_word' id='word_1_88' title='bbox 470 1643 585 1719; x_wconf 83' lang='lat' dir='ltr'>famae,</span> <span class='ocrx_word' id='word_1_89' title='bbox 602 1641 636 1706; x_wconf 88' lang='lat' dir='ltr'>in</span> <span class='ocrx_word' id='word_1_90' title='bbox 653 1641 754 1707; x_wconf 88' lang='lat' dir='ltr'>maius</span> <span class='ocrx_word' id='word_1_91' title='bbox 773 1643 904 1720; x_wconf 82' lang='lat' dir='ltr'>credita3</span> <span class='ocrx_word' id='word_1_92' title='bbox 924 1653 1071 1729; x_wconf 88' lang='lat' dir='ltr'>optumus</span> <span class='ocrx_word' id='word_1_93' title='bbox 1089 1645 1222 1728; x_wconf 88' lang='lat' dir='ltr'>quisque</span> <span class='ocrx_word' id='word_1_94' title='bbox 1240 1643 1288 1708; x_wconf 87' lang='lat' dir='ltr'>rei</span> <span class='ocrx_word' id='word_1_95' title='bbox 1305 1667 1370 1730; x_wconf 90' lang='lat' dir='ltr'>pu-</span> 
     </span>
     <span class='ocr_line' id='line_1_15' title="bbox 332 1732 1368 1824; baseline -0.002 -20"><span class='ocrx_word' id='word_1_96' title='bbox 332 1738 431 1804; x_wconf 85' lang='lat' dir='ltr'>blicae</span> <span class='ocrx_word' id='word_1_97' title='bbox 449 1759 524 1802; x_wconf 87' lang='lat' dir='ltr'>eura</span> <span class='ocrx_word' id='word_1_98' title='bbox 541 1735 714 1814; x_wconf 90' lang='lat' dir='ltr'>maerebat;</span> <span class='ocrx_word' id='word_1_99' title='bbox 738 1732 829 1801; x_wconf 91' lang='lat' dir='ltr'>multi</span> <span class='ocrx_word' id='word_1_100' title='bbox 847 1737 919 1802; x_wconf 93' lang='lat' dir='ltr'>odio</span> <span class='ocrx_word' id='word_1_101' title='bbox 936 1739 1149 1823; x_wconf 90' lang='lat' dir='ltr'>praesentium</span> <span class='ocrx_word' id='word_1_102' title='bbox 1166 1747 1198 1804; x_wconf 92' lang='lat' dir='ltr'>et</span> <span class='ocrx_word' id='word_1_103' title='bbox 1214 1738 1368 1824; x_wconf 88' lang='lat' dir='ltr'>cupidine</span> 
     </span>
     <span class='ocr_line' id='line_1_16' title="bbox 331 1831 1368 1919; baseline -0.002 -20"><span class='ocrx_word' id='word_1_104' title='bbox 331 1832 512 1899; x_wconf 83' lang='lat' dir='ltr'>mutationis</span> <span class='ocrx_word' id='word_1_105' title='bbox 532 1831 597 1897; x_wconf 89' lang='lat' dir='ltr'>suis</span> <span class='ocrx_word' id='word_1_106' title='bbox 616 1852 741 1914; x_wconf 88' lang='lat' dir='ltr'>quoque</span> <span class='ocrx_word' id='word_1_107' title='bbox 754 1831 901 1916; x_wconf 88' lang='lat' dir='ltr'>periculis</span> <span class='ocrx_word' id='word_1_108' title='bbox 919 1832 1124 1910; x_wconf 87' lang='lat' dir='ltr'>laetabantur,</span> <span class='ocrx_word' id='word_1_109' title='bbox 1142 1832 1368 1919; x_wconf 87' lang='lat' dir='ltr'>increpabant-</span> 
     </span>
     <span class='ocr_line' id='line_1_17' title="bbox 331 1927 1368 2013; baseline 0.002 -19"><span class='ocrx_word' id='word_1_110' title='bbox 331 1951 393 2013; x_wconf 90' lang='lat' dir='ltr'>que</span> <span class='ocrx_word' id='word_1_111' title='bbox 411 1927 574 1994; x_wconf 83' lang='lat' dir='ltr'>Tiberium</span> <span class='ocrx_word' id='word_1_112' title='bbox 595 1928 681 2012; x_wconf 93' lang='lat' dir='ltr'>quod</span> <span class='ocrx_word' id='word_1_113' title='bbox 701 1927 735 1991; x_wconf 90' lang='lat' dir='ltr'>in</span> <span class='ocrx_word' id='word_1_114' title='bbox 756 1937 843 1993; x_wconf 88' lang='lat' dir='ltr'>tanto</span> <span class='ocrx_word' id='word_1_115' title='bbox 864 1949 970 1994; x_wconf 91' lang='lat' dir='ltr'>rerum</span> <span class='ocrx_word' id='word_1_116' title='bbox 991 1938 1080 1994; x_wconf 90' lang='lat' dir='ltr'>motu</span> <span class='ocrx_word' id='word_1_117' title='bbox 1100 1929 1213 1994; x_wconf 89' lang='lat' dir='ltr'>libellis</span> <span class='ocrx_word' id='word_1_118' title='bbox 1232 1951 1368 1997; x_wconf 56' lang='lat' dir='ltr'>accusare</span> 
     </span>
     <span class='ocr_line' id='line_1_18' title="bbox 332 2020 1365 2108; baseline -0.001 -19"><span class='ocrx_word' id='word_1_119' title='bbox 332 2033 435 2090; x_wconf 89' lang='lat' dir='ltr'>torum</span> <span class='ocrx_word' id='word_1_120' title='bbox 464 2023 637 2088; x_wconf 88' lang='lat' dir='ltr'>insumeret</span> <span class='ocrx_word' id='word_1_121' title='bbox 656 2043 803 2108; x_wconf 86' lang='lat' dir='ltr'>operam:</span> <span class='ocrx_word' id='word_1_122' title='bbox 834 2045 875 2087; x_wconf 88' lang='lat' dir='ltr'>an</span> <span class='ocrx_word' id='word_1_123' title='bbox 901 2035 928 2088; x_wconf 81' lang='lat' dir='ltr'>et</span> <span class='ocrx_word' id='word_1_124' title='bbox 955 2020 1157 2089; x_wconf 88' lang='lat' dir='ltr'>Sacrovirum</span> <span class='ocrx_word' id='word_1_125' title='bbox 1188 2024 1365 2089; x_wconf 85' lang='lat' dir='ltr'>maiestatis</span> 
     </span>
     <span class='ocr_line' id='line_1_19' title="bbox 332 2117 1366 2204; baseline -0.001 -19"><span class='ocrx_word' id='word_1_126' title='bbox 332 2119 461 2185; x_wconf 90' lang='lat' dir='ltr'>crimine</span> <span class='ocrx_word' id='word_1_127' title='bbox 477 2141 566 2184; x_wconf 90' lang='lat' dir='ltr'>reum</span> <span class='ocrx_word' id='word_1_128' title='bbox 583 2119 617 2183; x_wconf 91' lang='lat' dir='ltr'>in</span> <span class='ocrx_word' id='word_1_129' title='bbox 635 2127 745 2184; x_wconf 88' lang='lat' dir='ltr'>senatu</span> <span class='ocrx_word' id='word_1_130' title='bbox 762 2117 849 2183; x_wconf 78' lang='lat' dir='ltr'>fore?</span> <span class='ocrx_word' id='word_1_131' title='bbox 875 2118 1016 2185; x_wconf 85' lang='lat' dir='ltr'>extitisse</span> <span class='ocrx_word' id='word_1_132' title='bbox 1035 2119 1163 2184; x_wconf 88' lang='lat' dir='ltr'>tandem</span> <span class='ocrx_word' id='word_1_133' title='bbox 1179 2120 1280 2197; x_wconf 85' lang='lat' dir='ltr'>viros,</span> <span class='ocrx_word' id='word_1_134' title='bbox 1308 2120 1366 2204; x_wconf 93' lang='lat' dir='ltr'>qui</span> 
     </span>
     <span class='ocr_line' id='line_1_20' title="bbox 332 2210 1366 2300; baseline -0.002 -21"><span class='ocrx_word' id='word_1_135' title='bbox 332 2224 476 2279; x_wconf 88' lang='lat' dir='ltr'>cruentas</span> <span class='ocrx_word' id='word_1_136' title='bbox 498 2213 649 2300; x_wconf 89' lang='lat' dir='ltr'>epistulas</span> <span class='ocrx_word' id='word_1_137' title='bbox 671 2211 765 2277; x_wconf 88' lang='lat' dir='ltr'>armis</span> <span class='ocrx_word' id='word_1_138' title='bbox 788 2210 982 2277; x_wconf 86' lang='lat' dir='ltr'>cohiberent:</span> <span class='ocrx_word' id='word_1_139' title='bbox 1009 2214 1156 2278; x_wconf 87' lang='lat' dir='ltr'>miseram</span> <span class='ocrx_word' id='word_1_140' title='bbox 1177 2235 1289 2299; x_wconf 89' lang='lat' dir='ltr'>paoem</span> <span class='ocrx_word' id='word_1_141' title='bbox 1312 2213 1366 2278; x_wconf 87' lang='lat' dir='ltr'>vel</span> 
     </span>
     <span class='ocr_line' id='line_1_21' title="bbox 331 2305 1366 2394; baseline 0 -22"><span class='ocrx_word' id='word_1_142' title='bbox 331 2307 413 2373; x_wconf 89' lang='lat' dir='ltr'>bello</span> <span class='ocrx_word' id='word_1_143' title='bbox 431 2307 511 2372; x_wconf 90' lang='lat' dir='ltr'>bene</span> <span class='ocrx_word' id='word_1_144' title='bbox 528 2307 651 2371; x_wconf 85' lang='lat' dir='ltr'>mutari.</span> <span class='ocrx_word' id='word_1_145' title='bbox 679 2315 765 2372; x_wconf 91' lang='lat' dir='ltr'>tanto</span> <span class='ocrx_word' id='word_1_146' title='bbox 783 2305 944 2392; x_wconf 90' lang='lat' dir='ltr'>inpensius</span> <span class='ocrx_word' id='word_1_147' title='bbox 962 2307 996 2372; x_wconf 92' lang='lat' dir='ltr'>in</span> <span class='ocrx_word' id='word_1_148' title='bbox 1018 2307 1216 2374; x_wconf 88' lang='lat' dir='ltr'>securitatem</span> <span class='ocrx_word' id='word_1_149' title='bbox 1234 2329 1366 2394; x_wconf 90' lang='lat' dir='ltr'>compo-</span> 
     </span>
     <span class='ocr_line' id='line_1_22' title="bbox 332 2401 1366 2489; baseline 0.004 -25"><span class='ocrx_word' id='word_1_150' title='bbox 332 2402 421 2478; x_wconf 89' lang='lat' dir='ltr'>situs,</span> <span class='ocrx_word' id='word_1_151' title='bbox 439 2423 541 2486; x_wconf 89' lang='lat' dir='ltr'>neque</span> <span class='ocrx_word' id='word_1_152' title='bbox 558 2402 627 2466; x_wconf 89' lang='lat' dir='ltr'>loco</span> <span class='ocrx_word' id='word_1_153' title='bbox 645 2421 746 2484; x_wconf 89' lang='lat' dir='ltr'>neque</span> <span class='ocrx_word' id='word_1_154' title='bbox 764 2401 853 2466; x_wconf 91' lang='lat' dir='ltr'>vultu</span> <span class='ocrx_word' id='word_1_155' title='bbox 870 2411 999 2480; x_wconf 88' lang='lat' dir='ltr'>mutato,</span> <span class='ocrx_word' id='word_1_156' title='bbox 1020 2403 1077 2468; x_wconf 86' lang='lat' dir='ltr'>sed</span> <span class='ocrx_word' id='word_1_157' title='bbox 1093 2412 1129 2468; x_wconf 92' lang='lat' dir='ltr'>ut</span> <span class='ocrx_word' id='word_1_158' title='bbox 1146 2403 1287 2481; x_wconf 91' lang='lat' dir='ltr'>solitum,</span> <span class='ocrx_word' id='word_1_159' title='bbox 1305 2425 1366 2489; x_wconf 89' lang='lat' dir='ltr'>per</span> 
     </span>
     <span class='ocr_line' id='line_1_23' title="bbox 331 2494 1364 2584; baseline 0.005 -26"><span class='ocrx_word' id='word_1_160' title='bbox 331 2494 401 2564; x_wconf 89' lang='lat' dir='ltr'>illos</span> <span class='ocrx_word' id='word_1_161' title='bbox 419 2494 486 2558; x_wconf 86' lang='lat' dir='ltr'>dies</span> <span class='ocrx_word' id='word_1_162' title='bbox 501 2494 574 2580; x_wconf 91' lang='lat' dir='ltr'>egit,</span> <span class='ocrx_word' id='word_1_163' title='bbox 594 2494 755 2566; x_wconf 86' lang='lat' dir='ltr'>altitudine</span> <span class='ocrx_word' id='word_1_164' title='bbox 769 2495 873 2574; x_wconf 91' lang='lat' dir='ltr'>animi,</span> <span class='ocrx_word' id='word_1_165' title='bbox 892 2519 933 2562; x_wconf 89' lang='lat' dir='ltr'>an</span> <span class='ocrx_word' id='word_1_166' title='bbox 951 2506 1132 2584; x_wconf 88' lang='lat' dir='ltr'>conpererat</span> <span class='ocrx_word' id='word_1_167' title='bbox 1148 2497 1273 2563; x_wconf 85' lang='lat' dir='ltr'>modica</span> <span class='ocrx_word' id='word_1_168' title='bbox 1291 2519 1364 2563; x_wconf 85' lang='lat' dir='ltr'>esse</span> 
     </span>
     <span class='ocr_line' id='line_1_24' title="bbox 331 2587 661 2674; baseline 0.003 -21"><span class='ocrx_word' id='word_1_169' title='bbox 331 2597 363 2653; x_wconf 87' lang='lat' dir='ltr'>et</span> <span class='ocrx_word' id='word_1_170' title='bbox 379 2587 516 2674; x_wconf 91' lang='lat' dir='ltr'>vulgatis</span> <span class='ocrx_word' id='word_1_171' title='bbox 533 2587 661 2654; x_wconf 86' lang='lat' dir='ltr'>leviora.</span> 
     </span>
    </p>

    <p class='ocr_par' dir='ltr' id='par_1_5' title="bbox 280 2679 1390 3808">
     <span class='ocr_line' id='line_1_25' title="bbox 280 2679 1365 2772; baseline 0.003 -23"><span class='ocrx_word' id='word_1_172' title='bbox 280 2702 312 2749; x_wconf 83' lang='lat'>45</span> <span class='ocrx_word' id='word_1_173' title='bbox 393 2681 525 2746; x_wconf 88' lang='lat' dir='ltr'>Interim</span> <span class='ocrx_word' id='word_1_174' title='bbox 543 2679 640 2748; x_wconf 88' lang='lat' dir='ltr'>Silius</span> <span class='ocrx_word' id='word_1_175' title='bbox 661 2705 733 2748; x_wconf 90' lang='lat' dir='ltr'>oum</span> <span class='ocrx_word' id='word_1_176' title='bbox 750 2684 926 2771; x_wconf 84' lang='lat' dir='ltr'>legionibus</span> <span class='ocrx_word' id='word_1_177' title='bbox 945 2685 1068 2752; x_wconf 88' lang='lat' dir='ltr'>duabus</span> <span class='ocrx_word' id='word_1_178' title='bbox 1085 2687 1248 2764; x_wconf 87' lang='lat' dir='ltr'>incedens,</span> <span class='ocrx_word' id='word_1_179' title='bbox 1270 2709 1365 2772; x_wconf 87' lang='lat' dir='ltr'>prae-</span> 
     </span>
     <span class='ocr_line' id='line_1_26' title="bbox 330 2775 1364 2868; baseline 0.005 -27"><span class='ocrx_word' id='word_1_180' title='bbox 330 2776 427 2842; x_wconf 88' lang='lat' dir='ltr'>missa</span> <span class='ocrx_word' id='word_1_181' title='bbox 440 2775 583 2842; x_wconf 87' lang='lat' dir='ltr'>auxiliari</span> <span class='ocrx_word' id='word_1_182' title='bbox 595 2800 691 2842; x_wconf 88' lang='lat' dir='ltr'>manu</span> <span class='ocrx_word' id='word_1_183' title='bbox 704 2788 807 2844; x_wconf 85' lang='lat' dir='ltr'>vastat</span> <span class='ocrx_word' id='word_1_184' title='bbox 821 2778 1040 2864; x_wconf 87' lang='lat' dir='ltr'>Sequanorum</span> <span class='ocrx_word' id='word_1_185' title='bbox 1053 2803 1164 2868; x_wconf 87' lang='lat' dir='ltr'>pagos,</span> <span class='ocrx_word' id='word_1_186' title='bbox 1182 2782 1237 2865; x_wconf 91' lang='lat' dir='ltr'>qui</span> <span class='ocrx_word' id='word_1_187' title='bbox 1251 2781 1364 2846; x_wconf 91' lang='lat' dir='ltr'>finium</span> 
     </span>
     <span class='ocr_line' id='line_1_27' title="bbox 330 2869 1362 2959; baseline 0.006 -25"><span class='ocrx_word' id='word_1_188' title='bbox 330 2870 461 2936; x_wconf 86' lang='lat' dir='ltr'>extremi</span> <span class='ocrx_word' id='word_1_189' title='bbox 487 2881 519 2937; x_wconf 88' lang='lat' dir='ltr'>et</span> <span class='ocrx_word' id='word_1_190' title='bbox 543 2869 667 2938; x_wconf 88' lang='lat' dir='ltr'>Aeduis</span> <span class='ocrx_word' id='word_1_191' title='bbox 698 2875 882 2940; x_wconf 89' lang='lat' dir='ltr'>contermini</span> <span class='ocrx_word' id='word_1_192' title='bbox 913 2876 1052 2959; x_wconf 88' lang='lat' dir='ltr'>sociique</span> <span class='ocrx_word' id='word_1_193' title='bbox 1077 2877 1110 2941; x_wconf 91' lang='lat' dir='ltr'>in</span> <span class='ocrx_word' id='word_1_194' title='bbox 1136 2877 1230 2941; x_wconf 86' lang='lat' dir='ltr'>armis</span> <span class='ocrx_word' id='word_1_195' title='bbox 1258 2886 1362 2954; x_wconf 73' lang='lat' dir='ltr'>erant:</span> 
     </span>
     <span class='ocr_line' id='line_1_28' title="bbox 329 2964 1364 3057; baseline 0.006 -27"><span class='ocrx_word' id='word_1_196' title='bbox 329 2987 404 3031; x_wconf 86' lang='lat' dir='ltr'>mox</span> <span class='ocrx_word' id='word_1_197' title='bbox 412 2964 683 3053; x_wconf 87' lang='lat' dir='ltr'>Augustodunum</span> <span class='ocrx_word' id='word_1_198' title='bbox 695 2970 774 3056; x_wconf 89' lang='lat' dir='ltr'>petit</span> <span class='ocrx_word' id='word_1_199' title='bbox 782 2993 916 3056; x_wconf 88' lang='lat' dir='ltr'>propero</span> <span class='ocrx_word' id='word_1_200' title='bbox 930 2971 1065 3057; x_wconf 87' lang='lat' dir='ltr'>agmine,</span> <span class='ocrx_word' id='word_1_201' title='bbox 1081 2971 1271 3037; x_wconf 88' lang='lat' dir='ltr'>certantibus</span> <span class='ocrx_word' id='word_1_202' title='bbox 1279 2971 1364 3036; x_wconf 86' lang='lat' dir='ltr'>inter</span> 
     </span>
     <span class='ocr_line' id='line_1_29' title="bbox 331 3061 1362 3152; baseline 0.004 -26"><span class='ocrx_word' id='word_1_203' title='bbox 331 3071 365 3126; x_wconf 86' lang='lat' dir='ltr'>se</span> <span class='ocrx_word' id='word_1_204' title='bbox 388 3061 560 3149; x_wconf 84' lang='lat' dir='ltr'>signiferis,</span> <span class='ocrx_word' id='word_1_205' title='bbox 588 3062 739 3130; x_wconf 84' lang='lat' dir='ltr'>fremente</span> <span class='ocrx_word' id='word_1_206' title='bbox 762 3065 856 3130; x_wconf 88' lang='lat' dir='ltr'>etiam</span> <span class='ocrx_word' id='word_1_207' title='bbox 882 3065 1025 3152; x_wconf 88' lang='lat' dir='ltr'>gregario</span> <span class='ocrx_word' id='word_1_208' title='bbox 1052 3065 1149 3131; x_wconf 89' lang='lat' dir='ltr'>milite</span> <span class='ocrx_word' id='word_1_209' title='bbox 1174 3075 1362 3131; x_wconf 84' lang='lat' dir='ltr'>assuetam</span> 
     </span>
     <span class='ocr_line' id='line_1_30' title="bbox 329 3156 1362 3246; baseline 0.005 -27"><span class='ocrx_word' id='word_1_210' title='bbox 329 3156 483 3242; x_wconf 85' lang='lat' dir='ltr'>requiem,</span> <span class='ocrx_word' id='word_1_211' title='bbox 509 3179 550 3222; x_wconf 92' lang='lat' dir='ltr'>ne</span> <span class='ocrx_word' id='word_1_212' title='bbox 572 3158 674 3244; x_wconf 87' lang='lat' dir='ltr'>spatia</span> <span class='ocrx_word' id='word_1_213' title='bbox 698 3160 838 3225; x_wconf 89' lang='lat' dir='ltr'>noctium</span> <span class='ocrx_word' id='word_1_214' title='bbox 863 3159 1070 3246; x_wconf 87' lang='lat' dir='ltr'>opperiretur:</span> <span class='ocrx_word' id='word_1_215' title='bbox 1097 3160 1240 3225; x_wconf 89' lang='lat' dir='ltr'>viderent</span> <span class='ocrx_word' id='word_1_216' title='bbox 1265 3160 1362 3225; x_wconf 92' lang='lat' dir='ltr'>modo</span> 
     </span>
     <span class='ocr_line' id='line_1_31' title="bbox 329 3249 1363 3337; baseline 0.005 -24"><span class='ocrx_word' id='word_1_217' title='bbox 329 3249 479 3316; x_wconf 89' lang='lat' dir='ltr'>adversos</span> <span class='ocrx_word' id='word_1_218' title='bbox 498 3260 530 3315; x_wconf 91' lang='lat' dir='ltr'>et</span> <span class='ocrx_word' id='word_1_219' title='bbox 550 3252 778 3337; x_wconf 84' lang='lat' dir='ltr'>aspicerentur3</span> <span class='ocrx_word' id='word_1_220' title='bbox 801 3254 834 3318; x_wconf 92' lang='lat' dir='ltr'>id</span> <span class='ocrx_word' id='word_1_221' title='bbox 857 3255 932 3318; x_wconf 90' lang='lat' dir='ltr'>satis</span> <span class='ocrx_word' id='word_1_222' title='bbox 955 3255 996 3319; x_wconf 91' lang='lat' dir='ltr'>ad</span> <span class='ocrx_word' id='word_1_223' title='bbox 1013 3255 1184 3321; x_wconf 88' lang='lat' dir='ltr'>victoriam.</span> <span class='ocrx_word' id='word_1_224' title='bbox 1212 3253 1363 3319; x_wconf 91' lang='lat' dir='ltr'>duodeci-</span> 
     </span>
     <span class='ocr_line' id='line_1_32' title="bbox 329 3343 1361 3436; baseline 0.008 -32"><span class='ocrx_word' id='word_1_225' title='bbox 329 3364 416 3406; x_wconf 92' lang='lat' dir='ltr'>mum</span> <span class='ocrx_word' id='word_1_226' title='bbox 441 3343 526 3427; x_wconf 91' lang='lat' dir='ltr'>apud</span> <span class='ocrx_word' id='word_1_227' title='bbox 550 3343 688 3428; x_wconf 91' lang='lat' dir='ltr'>lapidem</span> <span class='ocrx_word' id='word_1_228' title='bbox 710 3343 858 3413; x_wconf 86' lang='lat' dir='ltr'>Sacrovir</span> <span class='ocrx_word' id='word_1_229' title='bbox 884 3348 1054 3433; x_wconf 84' lang='lat' dir='ltr'>copiaeque</span> <span class='ocrx_word' id='word_1_230' title='bbox 1079 3348 1259 3436; x_wconf 90' lang='lat' dir='ltr'>patentibus</span> <span class='ocrx_word' id='word_1_231' title='bbox 1281 3348 1361 3414; x_wconf 93' lang='lat' dir='ltr'>locis</span> 
     </span>
     <span class='ocr_line' id='line_1_33' title="bbox 329 3436 1364 3523; baseline 0.01 -26"><span class='ocrx_word' id='word_1_232' title='bbox 329 3455 500 3519; x_wconf 85' lang='lat' dir='ltr'>apparuere</span> <span class='ocrx_word' id='word_1_233' title='bbox 506 3460 515 3512; x_wconf 91' lang='lat'>;</span> <span class='ocrx_word' id='word_1_234' title='bbox 542 3436 575 3499; x_wconf 89' lang='lat' dir='ltr'>in</span> <span class='ocrx_word' id='word_1_235' title='bbox 592 3436 727 3502; x_wconf 83' lang='lat' dir='ltr'>frontem</span> <span class='ocrx_word' id='word_1_236' title='bbox 746 3448 896 3507; x_wconf 87' lang='lat' dir='ltr'>statuerat</span> <span class='ocrx_word' id='word_1_237' title='bbox 912 3442 1059 3523; x_wconf 87' lang='lat' dir='ltr'>ferratos,</span> <span class='ocrx_word' id='word_1_238' title='bbox 1086 3444 1119 3508; x_wconf 91' lang='lat' dir='ltr'>in</span> <span class='ocrx_word' id='word_1_239' title='bbox 1141 3441 1289 3509; x_wconf 86' lang='lat' dir='ltr'>cornibus</span> <span class='ocrx_word' id='word_1_240' title='bbox 1309 3465 1364 3507; x_wconf 91' lang='lat' dir='ltr'>co-</span> 
     </span>
     <span class='ocr_line' id='line_1_34' title="bbox 328 3527 1362 3623; baseline 0.011 -33"><span class='ocrx_word' id='word_1_241' title='bbox 328 3527 448 3604; x_wconf 85' lang='lat' dir='ltr'>hortes,</span> <span class='ocrx_word' id='word_1_242' title='bbox 476 3538 606 3614; x_wconf 89' lang='lat' dir='ltr'>atergo</span> <span class='ocrx_word' id='word_1_243' title='bbox 629 3552 814 3612; x_wconf 83' lang='lat' dir='ltr'>semermos3</span> <span class='ocrx_word' id='word_1_244' title='bbox 841 3535 909 3621; x_wconf 88' lang='lat' dir='ltr'>ipse</span> <span class='ocrx_word' id='word_1_245' title='bbox 931 3536 1012 3604; x_wconf 92' lang='lat' dir='ltr'>inter</span> <span class='ocrx_word' id='word_1_246' title='bbox 1033 3538 1185 3623; x_wconf 91' lang='lat' dir='ltr'>primores</span> <span class='ocrx_word' id='word_1_247' title='bbox 1208 3559 1292 3620; x_wconf 90' lang='lat' dir='ltr'>equo</span> <span class='ocrx_word' id='word_1_248' title='bbox 1314 3537 1362 3601; x_wconf 91' lang='lat' dir='ltr'>in-</span> 
     </span>
     <span class='ocr_line' id='line_1_35' title="bbox 330 3619 1390 3718; baseline 0.011 -32"><span class='ocrx_word' id='word_1_249' title='bbox 330 3619 412 3707; x_wconf 86' lang='lat' dir='ltr'>signi</span> <span class='ocrx_word' id='word_1_250' title='bbox 433 3621 535 3700; x_wconf 87' lang='lat' dir='ltr'>adire,</span> <span class='ocrx_word' id='word_1_251' title='bbox 557 3645 730 3690; x_wconf 88' lang='lat' dir='ltr'>memorare</span> <span class='ocrx_word' id='word_1_252' title='bbox 742 3629 875 3696; x_wconf 84' lang='lat' dir='ltr'>&#39;veteres</span> <span class='ocrx_word' id='word_1_253' title='bbox 894 3627 1058 3698; x_wconf 86' lang='lat' dir='ltr'>Gallorum</span> <span class='ocrx_word' id='word_1_254' title='bbox 1080 3631 1196 3718; x_wconf 84' lang='lat' dir='ltr'>glorias</span> <span class='ocrx_word' id='word_1_255' title='bbox 1214 3652 1362 3714; x_wconf 87' lang='lat' dir='ltr'>quaeque</span> <span class='ocrx_word' id='word_1_256' title='bbox 1387 3689 1390 3698; x_wconf 89' lang='lat'><em>.</em></span> 
     </span>
     <span class='ocr_line' id='line_1_36' title="bbox 328 3715 1363 3808; baseline 0.008 -27"><span class='ocrx_word' id='word_1_257' title='bbox 328 3715 479 3782; x_wconf 88' lang='lat' dir='ltr'>Romanis</span> <span class='ocrx_word' id='word_1_258' title='bbox 503 3717 636 3784; x_wconf 84' lang='lat' dir='ltr'>adversa</span> <span class='ocrx_word' id='word_1_259' title='bbox 657 3718 849 3801; x_wconf 77' lang='lat' dir='ltr'>intulissent:</span> <span class='ocrx_word' id='word_1_260' title='bbox 876 3746 972 3808; x_wconf 89' lang='lat' dir='ltr'>quam</span> <span class='ocrx_word' id='word_1_261' title='bbox 993 3725 1108 3791; x_wconf 89' lang='lat' dir='ltr'>decora</span> <span class='ocrx_word' id='word_1_262' title='bbox 1129 3723 1302 3790; x_wconf 87' lang='lat' dir='ltr'>victoribus</span> <span class='ocrx_word' id='word_1_263' title='bbox 1324 3724 1363 3789; x_wconf 89' lang='lat' dir='ltr'>li-</span> 
     </span>
    </p>

    <p class='ocr_par' dir='ltr' id='par_1_6' title="bbox 278 3809 1361 4288">
     <span class='ocr_line' id='line_1_37' title="bbox 278 3809 1361 3897; baseline 0.006 -22"><span class='ocrx_word' id='word_1_264' title='bbox 278 3830 309 3878; x_wconf 80' lang='lat'>46</span> <span class='ocrx_word' id='word_1_265' title='bbox 328 3809 443 3892; x_wconf 86' lang='lat' dir='ltr'>bertas,</span> <span class='ocrx_word' id='word_1_266' title='bbox 462 3821 578 3897; x_wconf 90' lang='lat' dir='ltr'>quanto</span> <span class='ocrx_word' id='word_1_267' title='bbox 595 3812 808 3881; x_wconf 89' lang='lat' dir='ltr'>intolerantior</span> <span class='ocrx_word' id='word_1_268' title='bbox 821 3819 955 3885; x_wconf 86' lang='lat' dir='ltr'>servitus</span> <span class='ocrx_word' id='word_1_269' title='bbox 967 3820 1081 3884; x_wconf 87' lang='lat' dir='ltr'>iterum</span> <span class='ocrx_word' id='word_1_270' title='bbox 1098 3820 1199 3885; x_wconf 90' lang='lat' dir='ltr'>victis.</span> <span class='ocrx_word' id='word_1_271' title='bbox 1222 3842 1289 3884; x_wconf 90' lang='lat' dir='ltr'>non</span> <span class='ocrx_word' id='word_1_272' title='bbox 1306 3819 1361 3882; x_wconf 91' lang='lat' dir='ltr'>diu</span> 
     </span>
     <span class='ocr_line' id='line_1_38' title="bbox 328 3906 1359 4000; baseline 0.007 -29"><span class='ocrx_word' id='word_1_273' title='bbox 328 3906 406 3973; x_wconf 87' lang='lat' dir='ltr'>baec</span> <span class='ocrx_word' id='word_1_274' title='bbox 428 3929 487 3973; x_wconf 90' lang='lat' dir='ltr'>nec</span> <span class='ocrx_word' id='word_1_275' title='bbox 512 3910 597 3995; x_wconf 85' lang='lat' dir='ltr'>apud</span> <span class='ocrx_word' id='word_1_276' title='bbox 617 3909 717 3976; x_wconf 89' lang='lat' dir='ltr'>laetos</span> <span class='ocrx_word' id='word_1_277' title='bbox 739 3949 781 3958; x_wconf 97' lang='lat'><strong>—</strong></span> <span class='ocrx_word' id='word_1_278' title='bbox 803 3913 918 3978; x_wconf 88' lang='lat' dir='ltr'>etenim</span> <span class='ocrx_word' id='word_1_279' title='bbox 941 3913 1173 4000; x_wconf 87' lang='lat' dir='ltr'>propinquabat</span> <span class='ocrx_word' id='word_1_280' title='bbox 1198 3913 1359 4000; x_wconf 90' lang='lat' dir='ltr'>legionum</span> 
     </span>
     <span class='ocr_line' id='line_1_39' title="bbox 329 4001 1359 4095; baseline 0.006 -29"><span class='ocrx_word' id='word_1_281' title='bbox 329 4001 412 4066; x_wconf 85' lang='lat' dir='ltr'>acies</span> <span class='ocrx_word' id='word_1_282' title='bbox 434 4027 491 4081; x_wconf 91' lang='lat'>—;</span> <span class='ocrx_word' id='word_1_283' title='bbox 518 4004 730 4089; x_wconf 88' lang='lat' dir='ltr'>inconditique</span> <span class='ocrx_word' id='word_1_284' title='bbox 752 4029 790 4072; x_wconf 88' lang='lat' dir='ltr'>ac</span> <span class='ocrx_word' id='word_1_285' title='bbox 811 4007 939 4073; x_wconf 84' lang='lat' dir='ltr'>militiae</span> <span class='ocrx_word' id='word_1_286' title='bbox 960 4009 1059 4074; x_wconf 88' lang='lat' dir='ltr'>nescii</span> <span class='ocrx_word' id='word_1_287' title='bbox 1085 4008 1234 4095; x_wconf 89' lang='lat' dir='ltr'>oppidani</span> <span class='ocrx_word' id='word_1_288' title='bbox 1255 4023 1359 4092; x_wconf 84' lang='lat' dir='ltr'>neque</span> 
     </span>
     <span class='ocr_line' id='line_1_40' title="bbox 328 4095 1359 4189; baseline 0.007 -30"><span class='ocrx_word' id='word_1_289' title='bbox 328 4095 426 4160; x_wconf 89' lang='lat' dir='ltr'>oculis</span> <span class='ocrx_word' id='word_1_290' title='bbox 444 4119 547 4181; x_wconf 90' lang='lat' dir='ltr'>neque</span> <span class='ocrx_word' id='word_1_291' title='bbox 564 4099 691 4168; x_wconf 89' lang='lat' dir='ltr'>auribus</span> <span class='ocrx_word' id='word_1_292' title='bbox 710 4101 786 4168; x_wconf 87' lang='lat' dir='ltr'>satis</span> <span class='ocrx_word' id='word_1_293' title='bbox 805 4102 1020 4189; x_wconf 81' lang='lat' dir='ltr'>conpetebant</span> <span class='ocrx_word' id='word_1_294' title='bbox 1044 4112 1152 4168; x_wconf 82' lang='lat' dir='ltr'>contm</span> <span class='ocrx_word' id='word_1_295' title='bbox 1170 4100 1280 4179; x_wconf 85' lang='lat' dir='ltr'>Silius,</span> <span class='ocrx_word' id='word_1_296' title='bbox 1299 4102 1359 4167; x_wconf 89' lang='lat' dir='ltr'>etsi</span> 
     </span>
     <span class='ocr_line' id='line_1_41' title="bbox 327 4193 1359 4288; baseline 0.01 -36"><span class='ocrx_word' id='word_1_297' title='bbox 327 4199 528 4276; x_wconf 85' lang='lat' dir='ltr'>praesumpta</span> <span class='ocrx_word' id='word_1_298' title='bbox 546 4215 618 4288; x_wconf 86' lang='lat' dir='ltr'>spes</span> <span class='ocrx_word' id='word_1_299' title='bbox 633 4193 777 4264; x_wconf 90' lang='lat' dir='ltr'>hortandi</span> <span class='ocrx_word' id='word_1_300' title='bbox 795 4219 907 4266; x_wconf 84' lang='lat' dir='ltr'>causas</span> <span class='ocrx_word' id='word_1_301' title='bbox 926 4206 1093 4277; x_wconf 86' lang='lat' dir='ltr'>exemerat,</span> <span class='ocrx_word' id='word_1_302' title='bbox 1113 4196 1294 4264; x_wconf 86' lang='lat' dir='ltr'>clamitabat</span> <span class='ocrx_word' id='word_1_303' title='bbox 1312 4206 1359 4262; x_wconf 85' lang='lat' dir='ltr'>te·</span> 
     </span>
    </p>
   </div>
   <div class='ocr_carea' id='block_1_3' title="bbox 0 0 1484 4962">
    <p class='ocr_par' dir='ltr' id='par_1_7' title="bbox 0 0 1484 4962">
     <span class='ocr_line' id='line_1_42' title="bbox 0 0 1484 4962; baseline 0 3"><span class='ocrx_word' id='word_1_304' title='bbox 0 0 1484 4962; x_wconf 95' lang='lat' dir='ltr'> </span> 
     </span>
    </p>
   </div>
  </div>
 </body>
</html>
