2958 4960
331 444 373 508 20
677 450 861 510 CORNELII
874 451 1005 508 TACITI

1248 555 1268 585 ι.
1279 556 1300 585 u.
1312 547 1359 586 767.

331 595 480 699 sexageni
493 610 644 698 singulos,
664 618 699 673 ut
715 631 878 674 numerum
897 610 1111 676 centurionum
1128 613 1360 696 adaequarent3

330 717 397 773 tum
410 705 577 772 convulsos
590 703 785 786 laniatosque
803 712 835 767 et
850 703 964 788 partim
977 704 1138 770 exanimos
1152 715 1225 772 ante
1238 707 1361 772 vallum

331 811 385 866 aut
406 802 440 866 in
461 821 585 864 amnem
604 797 750 865 Rhenum
771 797 934 882 proiciunt.
964 795 1135 882 Septimius
1159 822 1232 864 cum
1249 802 1361 885 perfu-

330 895 431 981 gisset
452 893 492 958 ad
514 891 649 957 tribunal
669 890 865 976 pedibusque
885 889 1040 956 Caecinae
1062 892 1297 972 advolveretur,
1320 917 1359 960 eo

313 1010 430 1074 ,usque
447 986 605 1074 flagitatus
628 994 676 1050 est
694 985 793 1050 donec
811 984 852 1049 ad
869 985 999 1050 exitium
1020 985 1194 1052 dederetur.
1222 986 1359 1053 Cassius

331 1081 483 1160 Chaerea,
501 1102 576 1145 mox
593 1079 688 1144 caede
702 1077 740 1144 C.
756 1077 903 1144 Caesaris
917 1079 1098 1144 memoriam
1112 1080 1196 1165 apud
1213 1091 1358 1167 posteros

330 1177 476 1262 adeptus,
499 1184 567 1240 tum
588 1173 772 1238 adulescens
795 1181 827 1236 et
848 1173 944 1238 animi
966 1172 1069 1251 ferox,
1092 1174 1173 1240 inter
1193 1175 1358 1241 obstantes

330 1280 361 1335 et
378 1278 513 1336 armatos
535 1268 619 1332 ferro
641 1267 725 1332 viam
746 1265 903 1351 patefecit.
926 1287 989 1331 non
1010 1267 1152 1334 tribunus
1174 1269 1271 1348 ultra,
1293 1293 1358 1335 non

330 1375 502 1430 castrorum
519 1362 695 1447 praefectus
713 1361 763 1426 ius
782 1360 928 1427 obtinuit:
947 1361 1081 1448 vigilias,
1100 1363 1260 1440 stationes,
1280 1367 1358 1430 etsi

330 1480 392 1541 qua
409 1457 470 1521 alia
481 1477 630 1541 praesens
649 1477 726 1519 usus
740 1455 902 1531 indixerat,
922 1454 984 1540 ipsi
1001 1455 1223 1541 partiebantur.
1246 1458 1281 1522 id
1298 1459 1358 1522 mi-

329 1551 433 1615 litares
457 1549 578 1614 animos
601 1548 694 1614 altius
717 1547 963 1614 coniectantibus
980 1550 1183 1635 praecipuum
1205 1552 1358 1618 indicium

329 1643 436 1729 magni
453 1653 547 1728 atque
564 1639 758 1727 inplacabilis
778 1652 896 1720 motus,
919 1642 1004 1727 quod
1023 1641 1139 1729 [neque
1156 1645 1293 1733 disiecti]
1314 1648 1360 1712 nil

285 1809 290 1816 ‚
328 1759 500 1824 paucorum
522 1737 685 1813 instinctu,
710 1738 766 1801 sed
783 1737 899 1822 pariter
916 1738 1126 1816 ardescerent,
1150 1740 1267 1825 pariter
1285 1741 1360 1806 sile-

328 1841 410 1909 rent,
429 1839 516 1896 tanta
533 1830 719 1914 aequalitate
737 1840 768 1894 et
786 1831 973 1909 constantia,
992 1841 1027 1897 ut
1044 1832 1112 1919 regi
1129 1835 1282 1900 crederes.

279 1948 310 1996 aa
393 1925 518 1992 Interea
533 1922 721 1990 Germanico
738 1947 795 2010 per
809 1922 940 2002 Gallias,
958 1934 994 1990 ut
1012 1926 1158 2006 diximus,
1177 1949 1291 1994 census
1305 1952 1360 1994 ac-

329 2021 455 2109 cipienti
468 2020 642 2086 excessisse
650 2019 835 2106 Augustum
849 2017 997 2084 adfertur.
1020 2029 1146 2106 neptem
1160 2020 1228 2087 eius
1237 2020 1360 2108 Agrip-

328 2117 435 2201 pinam
462 2117 495 2180 in
521 2115 718 2180 matrimonio
743 2114 912 2199 pluresque
938 2136 979 2178 cx
1005 2137 1043 2179 ca
1067 2114 1183 2181 liberos
1209 2115 1358 2194 babebat,

328 2211 396 2295 ipse
414 2210 523 2275 Druso
529 2257 538 2287 ,
562 2209 657 2275 fratrc
676 2207 808 2286 Tiberii,
827 2208 967 2294 genitus,
985 2206 1152 2294 Augustae
1168 2231 1280 2296 nepos,
1301 2213 1360 2276 scd

329 2304 441 2369 anxius
457 2303 586 2369 occultis
604 2303 637 2367 in
655 2324 689 2368 se
702 2303 805 2388 patrui
818 2303 968 2386 aviaeque
986 2303 1076 2381 odiis,
1094 2325 1228 2388 quorum
1241 2322 1359 2371 causae

329 2397 462 2461 acriores
481 2397 555 2480 quia
567 2396 707 2479 iniquae:
725 2396 841 2481 quippe
854 2397 955 2478 Drusi
972 2419 1088 2484 magna
1105 2398 1189 2484 apud
1205 2400 1360 2485 populum

328 2491 507 2556 Romanum
519 2489 679 2567 memoria,
698 2489 953 2574 credebaturque,
973 2492 1000 2556 si
1013 2514 1117 2556 rerum
1130 2493 1247 2578 potitus
1264 2493 1359 2571 foret,

327 2584 502 2649 libertatem
519 2583 711 2662 redditurus:
734 2584 817 2649 unde
834 2585 868 2650 in
887 2583 1109 2651 Germanicum
1127 2587 1217 2654 favor
1234 2596 1265 2652 et
1283 2609 1360 2673 spes

329 2677 452 2755 eadem3
475 2701 549 2742 nam
569 2677 677 2742 iuveni
693 2677 784 2743 civile
807 2678 981 2764 ingenium,
1004 2679 1083 2744 mira
1105 2679 1234 2750 comitas
1258 2690 1289 2745 et
1310 2681 1362 2746 di-

328 2793 420 2836 versa
437 2771 477 2836 ab
491 2770 610 2837 Tiberii
624 2793 775 2849 sermone,
794 2772 892 2851 vultu,
912 2772 1135 2860 adrogantibus
1154 2783 1186 2838 et
1203 2773 1359 2840 obscuris.

329 2862 519 2932 accedebant
541 2864 709 2931 muliebres
727 2865 932 2944 offensiones,
954 2865 1171 2933 novercalibus
1189 2867 1303 2932 Liviae
1325 2868 1362 2932 in

328 2959 539 3047 Agrippinam
557 2959 700 3038 stimulis,
719 2968 812 3043 atque
829 2959 900 3045 ipsa
912 2959 1091 3046 Agrippina
1107 2960 1201 3046 paulo
1220 2982 1361 3026 commo-

329 3055 410 3134 tior,'
425 3055 486 3120 nisi
503 3055 589 3139 quod
606 3055 748 3121 castitate
767 3064 799 3120 et
815 3054 918 3119 mariti
936 3077 1041 3120 amore
1063 3055 1207 3140 quamvis
1224 3054 1361 3120 indomi-

329 3160 396 3216 tum
414 3151 554 3216 animum
570 3151 604 3215 in
621 3150 740 3216 bonum
757 3149 908 3216 vertebat.

279 3264 311 3311 34
394 3243 460 3310 Sed
483 3242 690 3310 Germanicus
713 3253 830 3328 quanto
853 3266 994 3310 summae
1017 3245 1085 3329 spei
1106 3245 1246 3330 propior,
1269 3253 1360 3310 tanto

328 3339 500 3423 impensius
521 3359 578 3422 pro
601 3337 728 3402 Tiberio
750 3337 822 3416 niti3
846 3359 942 3422 seque
960 3349 988 3403 ct
1009 3339 1169 3423 proximos
1193 3348 1225 3403 et
1241 3337 1361 3425 Belga-

328 3454 398 3494 rum
416 3430 557 3495 civitates
575 3431 608 3494 in
620 3430 716 3495 verba
730 3431 797 3496 eius
816 3432 927 3518 adigit:
947 3431 1060 3498 debinc
1074 3434 1180 3498 audito
1198 3427 1360 3519 legionum

329 3524 464 3590 tumultu
486 3525 599 3610 raptim
620 3525 781 3610 profectus
800 3526 909 3593 obvias
928 3537 1016 3593 extra
1033 3538 1136 3594 castra
1156 3527 1280 3606 habuit,
1304 3528 1361 3593 de-

328 3618 417 3685 iectis
434 3619 466 3684 in
484 3628 597 3685 terram
615 3619 713 3685 oculis
731 3620 818 3686 velut
833 3620 1032 3707 paenitentia.
1054 3631 1223 3708 postquam
1239 3621 1360 3696 vallum

328 3713 410 3792 iniit,
438 3713 556 3779 dissoni
583 3723 712 3797 questus
739 3715 840 3780 audiri
861 3737 1005 3801 coepere;
1033 3715 1217 3800 etquidem
1243 3738 1361 3802 prensa

329 3831 425 3874 manu
438 3807 504 3874 eius
522 3830 580 3893 per
597 3808 734 3894 speciem
748 3809 950 3875 exosculandi
963 3809 1160 3876 inseruemnt
1178 3810 1304 3898 digitos,
1323 3819 1361 3874 ut

327 3924 428 3967 vacua
440 3902 586 3969 dentibus
600 3926 655 3969 ora
673 3903 866 3989 contingeret
871 3928 879 3981 3
899 3903 952 3968 alii
969 3913 1097 3968 curvata
1111 3903 1199 3970 senio
1216 3902 1359 3969 membra

329 3995 543 4062 ostendebant.
571 3997 773 4064 adelstentern
791 3997 981 4075 contionem,
1005 3997 1080 4080 quia
1096 3997 1252 4083 permixta
1267 3995 1359 4062 vide·

329 4087 433 4166 batur,
457 4089 616 4157 discedere
633 4091 666 4156 in
684 4090 859 4177 manipulos
877 4089 976 4155 iubet:
1000 4089 1046 4155 sic
1062 4089 1175 4155 melius
1193 4088 1357 4156 audituros

328 4203 528 4267 responsum:
551 4185 665 4251 vexilla
681 4184 845 4271 praeferri,
865 4194 899 4250 ut
915 4183 949 4248 id
966 4183 1076 4250 saltem
1095 4184 1286 4250 discerneret
1303 4205 1357 4250 co·
