<?xml version="1.0" encoding="UTF-8"?>
<!DOCTYPE html PUBLIC "-//W3C//DTD XHTML 1.0 Transitional//EN"
    "http://www.w3.org/TR/xhtml1/DTD/xhtml1-transitional.dtd">
<html xmlns="http://www.w3.org/1999/xhtml" xml:lang="en" lang="en">
 <head>
  <title>
</title>
<meta http-equiv="Content-Type" content="text/html;charset=utf-8" />
  <meta name='ocr-system' content='tesseract 3.04.00' />
  <meta name='ocr-capabilities' content='ocr_page ocr_carea ocr_par ocr_line ocrx_word'/>
</head>
<body>
  <div class='ocr_page' id='page_1' title='image "./corneliitacitio00haasgoog_0284.png"; bbox 0 0 3042 4956; ppageno 0'>
   <div class='ocr_carea' id='block_1_1' title="bbox 159 459 1184 610">
    <p class='ocr_par' dir='ltr' id='par_1_1' title="bbox 159 459 1184 610">
     <span class='ocr_line' id='line_1_1' title="bbox 418 459 1184 526; baseline 0.004 -5"><span class='ocrx_word' id='word_1_1' title='bbox 418 464 625 524; x_wconf 82' lang='lat' dir='ltr'>ANNALIUM</span> <span class='ocrx_word' id='word_1_2' title='bbox 642 466 716 522; x_wconf 88' lang='lat' dir='ltr'>LIB.</span> <span class='ocrx_word' id='word_1_3' title='bbox 729 466 798 523; x_wconf 88' lang='lat' dir='ltr'>XII.</span> <span class='ocrx_word' id='word_1_4' title='bbox 816 469 934 524; x_wconf 84' lang='grc'><strong>18-24,</strong></span> <span class='ocrx_word' id='word_1_5' title='bbox 1121 459 1184 526; x_wconf 71' lang='grc'>207</span> 
     </span>
     <span class='ocr_line' id='line_1_2' title="bbox 159 557 273 610; baseline -0.035 -10"><span class='ocrx_word' id='word_1_6' title='bbox 159 572 182 610; x_wconf 75' lang='lat' dir='ltr'>p.</span> <span class='ocrx_word' id='word_1_7' title='bbox 191 557 230 600; x_wconf 82' lang='lat' dir='ltr'>cu</span> <span class='ocrx_word' id='word_1_8' title='bbox 240 558 273 598; x_wconf 80' lang='lat' dir='ltr'>m.</span> 
     </span>
    </p>
   </div>
   <div class='ocr_carea' id='block_1_2' title="bbox 147 622 1234 3626">
    <p class='ocr_par' dir='ltr' id='par_1_2' title="bbox 153 622 1232 1368">
     <span class='ocr_line' id='line_1_3' title="bbox 220 622 1232 714; baseline 0.007 -24"><span class='ocrx_word' id='word_1_9' title='bbox 220 625 372 690; x_wconf 82' lang='lat' dir='ltr'>Traditus</span> <span class='ocrx_word' id='word_1_10' title='bbox 385 623 518 710; x_wconf 88' lang='lat' dir='ltr'>posthac</span> <span class='ocrx_word' id='word_1_11' title='bbox 526 622 725 689; x_wconf 90' lang='lat' dir='ltr'>Mithridates</span> <span class='ocrx_word' id='word_1_12' title='bbox 739 635 910 710; x_wconf 85' lang='lat' dir='ltr'>vectusque</span> <span class='ocrx_word' id='word_1_13' title='bbox 918 625 1052 694; x_wconf 88' lang='lat' dir='ltr'>Romam</span> <span class='ocrx_word' id='word_1_14' title='bbox 1066 647 1122 714; x_wconf 85' lang='lat' dir='ltr'>per</span> <span class='ocrx_word' id='word_1_15' title='bbox 1130 629 1184 694; x_wconf 90' lang='lat' dir='ltr'>Iu·</span> <span class='ocrx_word' id='word_1_16' title='bbox 1203 649 1232 698; x_wconf 81' lang='lat' dir='ltr'>ar</span> 
     </span>
     <span class='ocr_line' id='line_1_4' title="bbox 158 718 1185 807; baseline 0.003 -22"><span class='ocrx_word' id='word_1_17' title='bbox 158 721 242 785; x_wconf 92' lang='lat' dir='ltr'>nium</span> <span class='ocrx_word' id='word_1_18' title='bbox 257 719 415 796; x_wconf 86' lang='lat' dir='ltr'>Cilonem,</span> <span class='ocrx_word' id='word_1_19' title='bbox 428 727 660 804; x_wconf 89' lang='lat' dir='ltr'>procuratorem</span> <span class='ocrx_word' id='word_1_20' title='bbox 673 718 776 796; x_wconf 82' lang='lat' dir='ltr'>Ponti,</span> <span class='ocrx_word' id='word_1_21' title='bbox 796 719 930 787; x_wconf 84' lang='lat' dir='ltr'>ferocius</span> <span class='ocrx_word' id='word_1_22' title='bbox 944 744 1038 805; x_wconf 91' lang='lat' dir='ltr'>quam</span> <span class='ocrx_word' id='word_1_23' title='bbox 1051 745 1108 807; x_wconf 92' lang='lat' dir='ltr'>pro</span> <span class='ocrx_word' id='word_1_24' title='bbox 1121 723 1185 789; x_wconf 85' lang='lat' dir='ltr'>for-</span> 
     </span>
     <span class='ocr_line' id='line_1_5' title="bbox 158 811 1185 899; baseline 0.004 -21"><span class='ocrx_word' id='word_1_25' title='bbox 158 825 231 878; x_wconf 88' lang='lat' dir='ltr'>tuna</span> <span class='ocrx_word' id='word_1_26' title='bbox 252 813 442 879; x_wconf 79' lang='lat' dir='ltr'>disseruisse</span> <span class='ocrx_word' id='word_1_27' title='bbox 464 813 548 897; x_wconf 89' lang='lat' dir='ltr'>apud</span> <span class='ocrx_word' id='word_1_28' title='bbox 572 811 742 878; x_wconf 85' lang='lat' dir='ltr'>Caesarem</span> <span class='ocrx_word' id='word_1_29' title='bbox 764 812 935 892; x_wconf 84' lang='lat' dir='ltr'>ferebatur,</span> <span class='ocrx_word' id='word_1_30' title='bbox 960 815 1101 899; x_wconf 88' lang='lat' dir='ltr'>elataque</span> <span class='ocrx_word' id='word_1_31' title='bbox 1122 840 1185 883; x_wconf 84' lang='lat' dir='ltr'>vox</span> 
     </span>
     <span class='ocr_line' id='line_1_6' title="bbox 157 905 1198 992; baseline 0.004 -20"><span class='ocrx_word' id='word_1_32' title='bbox 157 909 221 973; x_wconf 89' lang='lat' dir='ltr'>eius</span> <span class='ocrx_word' id='word_1_33' title='bbox 243 908 278 972; x_wconf 93' lang='lat' dir='ltr'>in</span> <span class='ocrx_word' id='word_1_34' title='bbox 304 907 435 992; x_wconf 82' lang='lat' dir='ltr'>vulgum</span> <span class='ocrx_word' id='word_1_35' title='bbox 455 907 542 972; x_wconf 89' lang='lat' dir='ltr'>hisce</span> <span class='ocrx_word' id='word_1_36' title='bbox 563 905 683 971; x_wconf 87' lang='lat' dir='ltr'>verbis:</span> <span class='ocrx_word' id='word_1_37' title='bbox 712 930 796 987; x_wconf 86' lang='lat' dir='ltr'>„non</span> <span class='ocrx_word' id='word_1_38' title='bbox 817 930 886 973; x_wconf 92' lang='lat' dir='ltr'>sum</span> <span class='ocrx_word' id='word_1_39' title='bbox 907 910 1058 975; x_wconf 89' lang='lat' dir='ltr'>remissus</span> <span class='ocrx_word' id='word_1_40' title='bbox 1081 911 1122 975; x_wconf 87' lang='lat' dir='ltr'>ad</span> <span class='ocrx_word' id='word_1_41' title='bbox 1144 920 1198 989; x_wconf 68' lang='lat' dir='ltr'>te,</span> 
     </span>
     <span class='ocr_line' id='line_1_7' title="bbox 156 1000 1186 1087; baseline 0.001 -20"><span class='ocrx_word' id='word_1_42' title='bbox 156 1003 210 1068; x_wconf 88' lang='lat' dir='ltr'>sed</span> <span class='ocrx_word' id='word_1_43' title='bbox 227 1023 390 1066; x_wconf 85' lang='lat' dir='ltr'>reversus:</span> <span class='ocrx_word' id='word_1_44' title='bbox 409 1000 460 1065; x_wconf 90' lang='lat' dir='ltr'>vel</span> <span class='ocrx_word' id='word_1_45' title='bbox 478 1001 506 1065; x_wconf 92' lang='lat' dir='ltr'>si</span> <span class='ocrx_word' id='word_1_46' title='bbox 522 1023 585 1066; x_wconf 88' lang='lat' dir='ltr'>non</span> <span class='ocrx_word' id='word_1_47' title='bbox 603 1001 718 1078; x_wconf 90' lang='lat' dir='ltr'>credis,</span> <span class='ocrx_word' id='word_1_48' title='bbox 737 1001 857 1066; x_wconf 83' lang='lat' dir='ltr'><strong>dimitte</strong></span> <span class='ocrx_word' id='word_1_49' title='bbox 876 1013 907 1068; x_wconf 90' lang='lat' dir='ltr'>et</span> <span class='ocrx_word' id='word_1_50' title='bbox 923 1009 1067 1087; x_wconf 85' lang='lat' dir='ltr'>quaere.“</span> <span class='ocrx_word' id='word_1_51' title='bbox 1096 1004 1186 1068; x_wconf 85' lang='lat' dir='ltr'>vultu</span> 
     </span>
     <span class='ocr_line' id='line_1_8' title="bbox 154 1095 1184 1180; baseline 0.003 -20"><span class='ocrx_word' id='word_1_52' title='bbox 154 1117 280 1180; x_wconf 90' lang='lat' dir='ltr'>quoque</span> <span class='ocrx_word' id='word_1_53' title='bbox 303 1095 443 1160; x_wconf 88' lang='lat' dir='ltr'>interrito</span> <span class='ocrx_word' id='word_1_54' title='bbox 460 1095 643 1179; x_wconf 83' lang='lat' dir='ltr'>permansit,</span> <span class='ocrx_word' id='word_1_55' title='bbox 667 1117 739 1159; x_wconf 94' lang='lat' dir='ltr'>cum</span> <span class='ocrx_word' id='word_1_56' title='bbox 756 1106 857 1161; x_wconf 85' lang='lat' dir='ltr'>rostra</span> <span class='ocrx_word' id='word_1_57' title='bbox 877 1097 978 1174; x_wconf 84' lang='lat' dir='ltr'>iuxta,</span> <span class='ocrx_word' id='word_1_58' title='bbox 1002 1098 1184 1164; x_wconf 80' lang='lat' dir='ltr'>custodibus</span> 
     </span>
     <span class='ocr_line' id='line_1_9' title="bbox 154 1189 1186 1279; baseline 0.001 -24"><span class='ocrx_word' id='word_1_59' title='bbox 154 1192 377 1267; x_wconf 88' lang='lat' dir='ltr'>circumdatus,</span> <span class='ocrx_word' id='word_1_60' title='bbox 397 1190 478 1254; x_wconf 81' lang='lat' dir='ltr'>visui</span> <span class='ocrx_word' id='word_1_61' title='bbox 495 1190 612 1275; x_wconf 91' lang='lat' dir='ltr'>populo</span> <span class='ocrx_word' id='word_1_62' title='bbox 624 1189 833 1274; x_wconf 79' lang='lat' dir='ltr'>praeberetur.</span> <span class='ocrx_word' id='word_1_63' title='bbox 857 1193 1032 1258; x_wconf 82' lang='lat' dir='ltr'>consularia</span> <span class='ocrx_word' id='word_1_64' title='bbox 1048 1192 1186 1279; x_wconf 89' lang='lat' dir='ltr'>insignia</span> 
     </span>
     <span class='ocr_line' id='line_1_10' title="bbox 153 1283 842 1368; baseline -0.003 -17"><span class='ocrx_word' id='word_1_65' title='bbox 153 1285 276 1362; x_wconf 84' lang='lat' dir='ltr'>Ciloni,</span> <span class='ocrx_word' id='word_1_66' title='bbox 296 1283 434 1367; x_wconf 84' lang='lat' dir='ltr'>Aquilae</span> <span class='ocrx_word' id='word_1_67' title='bbox 451 1284 605 1368; x_wconf 89' lang='lat' dir='ltr'>praetoria</span> <span class='ocrx_word' id='word_1_68' title='bbox 624 1285 842 1349; x_wconf 87' lang='lat' dir='ltr'>decernuntur.</span> 
     </span>
    </p>

    <p class='ocr_par' dir='ltr' id='par_1_3' title="bbox 149 1377 1234 2970">
     <span class='ocr_line' id='line_1_11' title="bbox 217 1377 1234 1465; baseline 0.005 -21"><span class='ocrx_word' id='word_1_69' title='bbox 217 1380 328 1444; x_wconf 91' lang='lat' dir='ltr'>Isdem</span> <span class='ocrx_word' id='word_1_70' title='bbox 347 1378 527 1443; x_wconf 89' lang='lat' dir='ltr'>consulibus</span> <span class='ocrx_word' id='word_1_71' title='bbox 550 1387 640 1442; x_wconf 83' lang='lat' dir='ltr'>atrox</span> <span class='ocrx_word' id='word_1_72' title='bbox 661 1378 725 1442; x_wconf 90' lang='lat' dir='ltr'>odii</span> <span class='ocrx_word' id='word_1_73' title='bbox 741 1377 920 1465; x_wconf 90' lang='lat' dir='ltr'>Agrippina</span> <span class='ocrx_word' id='word_1_74' title='bbox 941 1402 978 1445; x_wconf 90' lang='lat' dir='ltr'>ac</span> <span class='ocrx_word' id='word_1_75' title='bbox 995 1381 1119 1448; x_wconf 84' lang='lat' dir='ltr'>Lolliae</span> <span class='ocrx_word' id='word_1_76' title='bbox 1136 1381 1184 1445; x_wconf 88' lang='lat' dir='ltr'>in·</span> <span class='ocrx_word' id='word_1_77' title='bbox 1202 1402 1234 1449; x_wconf 87' lang='grc'>22</span> 
     </span>
     <span class='ocr_line' id='line_1_12' title="bbox 153 1471 1183 1559; baseline 0.002 -21"><span class='ocrx_word' id='word_1_78' title='bbox 153 1473 254 1550; x_wconf 79' lang='lat' dir='ltr'>sensa,</span> <span class='ocrx_word' id='word_1_79' title='bbox 270 1472 355 1555; x_wconf 93' lang='lat' dir='ltr'>quod</span> <span class='ocrx_word' id='word_1_80' title='bbox 365 1493 473 1536; x_wconf 90' lang='lat' dir='ltr'>secum</span> <span class='ocrx_word' id='word_1_81' title='bbox 485 1472 525 1536; x_wconf 88' lang='lat' dir='ltr'>de</span> <span class='ocrx_word' id='word_1_82' title='bbox 537 1471 735 1537; x_wconf 88' lang='lat' dir='ltr'>matrimonio</span> <span class='ocrx_word' id='word_1_83' title='bbox 747 1473 897 1559; x_wconf 89' lang='lat' dir='ltr'>principis</span> <span class='ocrx_word' id='word_1_84' title='bbox 911 1475 1102 1553; x_wconf 86' lang='lat' dir='ltr'>certavisset,</span> <span class='ocrx_word' id='word_1_85' title='bbox 1116 1496 1183 1540; x_wconf 92' lang='lat' dir='ltr'>mo-</span> 
     </span>
     <span class='ocr_line' id='line_1_13' title="bbox 152 1565 1183 1648; baseline 0.002 -16"><span class='ocrx_word' id='word_1_86' title='bbox 152 1567 228 1632; x_wconf 92' lang='lat' dir='ltr'>litur</span> <span class='ocrx_word' id='word_1_87' title='bbox 245 1567 376 1631; x_wconf 88' lang='lat' dir='ltr'>erimina</span> <span class='ocrx_word' id='word_1_88' title='bbox 394 1575 425 1630; x_wconf 90' lang='lat' dir='ltr'>et</span> <span class='ocrx_word' id='word_1_89' title='bbox 442 1577 666 1642; x_wconf 80' lang='lat' dir='ltr'>accusatorem,</span> <span class='ocrx_word' id='word_1_90' title='bbox 684 1567 739 1648; x_wconf 90' lang='lat' dir='ltr'>qui</span> <span class='ocrx_word' id='word_1_91' title='bbox 756 1565 892 1632; x_wconf 90' lang='lat' dir='ltr'>obiceret</span> <span class='ocrx_word' id='word_1_92' title='bbox 911 1567 1097 1647; x_wconf 82' lang='lat' dir='ltr'>Chaldaeos,</span> <span class='ocrx_word' id='word_1_93' title='bbox 1116 1592 1183 1634; x_wconf 89' lang='lat' dir='ltr'>ma-</span> 
     </span>
     <span class='ocr_line' id='line_1_14' title="bbox 153 1659 1182 1750; baseline 0.002 -25"><span class='ocrx_word' id='word_1_94' title='bbox 153 1685 226 1749; x_wconf 88' lang='lat' dir='ltr'>gos,</span> <span class='ocrx_word' id='word_1_95' title='bbox 249 1662 537 1746; x_wconf 86' lang='lat' dir='ltr'>interrogatumque</span> <span class='ocrx_word' id='word_1_96' title='bbox 559 1659 717 1746; x_wconf 86' lang='lat' dir='ltr'>Apollinis</span> <span class='ocrx_word' id='word_1_97' title='bbox 737 1659 834 1726; x_wconf 87' lang='lat' dir='ltr'>Clarii</span> <span class='ocrx_word' id='word_1_98' title='bbox 860 1663 1061 1728; x_wconf 83' lang='lat' dir='ltr'>simulacrum</span> <span class='ocrx_word' id='word_1_99' title='bbox 1087 1685 1182 1750; x_wconf 88' lang='lat' dir='ltr'>super</span> 
     </span>
     <span class='ocr_line' id='line_1_15' title="bbox 154 1753 1181 1841; baseline 0.002 -21"><span class='ocrx_word' id='word_1_100' title='bbox 154 1756 271 1841; x_wconf 87' lang='lat' dir='ltr'>nuptiis</span> <span class='ocrx_word' id='word_1_101' title='bbox 289 1755 495 1840; x_wconf 89' lang='lat' dir='ltr'>imperatoris.</span> <span class='ocrx_word' id='word_1_102' title='bbox 518 1754 602 1819; x_wconf 85' lang='lat' dir='ltr'>exim</span> <span class='ocrx_word' id='word_1_103' title='bbox 617 1753 769 1820; x_wconf 90' lang='lat' dir='ltr'>Claudius</span> <span class='ocrx_word' id='word_1_104' title='bbox 787 1755 927 1822; x_wconf 89' lang='lat' dir='ltr'>inaudita</span> <span class='ocrx_word' id='word_1_105' title='bbox 943 1779 1006 1836; x_wconf 85' lang='lat' dir='ltr'>rea,</span> <span class='ocrx_word' id='word_1_106' title='bbox 1025 1758 1124 1822; x_wconf 91' lang='lat' dir='ltr'>multa</span> <span class='ocrx_word' id='word_1_107' title='bbox 1141 1759 1181 1822; x_wconf 90' lang='lat' dir='ltr'>de</span> 
     </span>
     <span class='ocr_line' id='line_1_16' title="bbox 153 1849 1182 1934; baseline -0.002 -18"><span class='ocrx_word' id='word_1_108' title='bbox 153 1850 337 1916; x_wconf 85' lang='lat' dir='ltr'>claritudine</span> <span class='ocrx_word' id='word_1_109' title='bbox 356 1849 423 1914; x_wconf 88' lang='lat' dir='ltr'>eius</span> <span class='ocrx_word' id='word_1_110' title='bbox 442 1850 526 1934; x_wconf 89' lang='lat' dir='ltr'>apud</span> <span class='ocrx_word' id='word_1_111' title='bbox 539 1859 681 1914; x_wconf 77' lang='lat' dir='ltr'>senatum</span> <span class='ocrx_word' id='word_1_112' title='bbox 694 1849 863 1934; x_wconf 77' lang='lat' dir='ltr'>praefatus,</span> <span class='ocrx_word' id='word_1_113' title='bbox 883 1874 988 1917; x_wconf 90' lang='lat' dir='ltr'>sorore</span> <span class='ocrx_word' id='word_1_114' title='bbox 1001 1854 1042 1917; x_wconf 87' lang='lat' dir='ltr'>L.</span> <span class='ocrx_word' id='word_1_115' title='bbox 1057 1851 1182 1918; x_wconf 91' lang='lat' dir='ltr'>Volusii</span> 
     </span>
     <span class='ocr_line' id='line_1_17' title="bbox 153 1943 1180 2030; baseline 0 -22"><span class='ocrx_word' id='word_1_116' title='bbox 153 1945 307 2030; x_wconf 87' lang='lat' dir='ltr'>genitam,</span> <span class='ocrx_word' id='word_1_117' title='bbox 329 1943 479 2008; x_wconf 89' lang='lat' dir='ltr'>maiorem</span> <span class='ocrx_word' id='word_1_118' title='bbox 502 1943 531 2007; x_wconf 89' lang='lat' dir='ltr'>ei</span> <span class='ocrx_word' id='word_1_119' title='bbox 552 1953 697 2028; x_wconf 91' lang='lat' dir='ltr'>patruum</span> <span class='ocrx_word' id='word_1_120' title='bbox 721 1943 848 2010; x_wconf 84' lang='lat' dir='ltr'>Cottam</span> <span class='ocrx_word' id='word_1_121' title='bbox 869 1944 1078 2010; x_wconf 88' lang='lat' dir='ltr'>Messalinum</span> <span class='ocrx_word' id='word_1_122' title='bbox 1100 1967 1180 2021; x_wconf 89' lang='lat' dir='ltr'>esse,</span> 
     </span>
     <span class='ocr_line' id='line_1_18' title="bbox 152 2037 1181 2124; baseline 0.001 -22"><span class='ocrx_word' id='word_1_123' title='bbox 152 2037 308 2103; x_wconf 89' lang='lat' dir='ltr'>Memmio</span> <span class='ocrx_word' id='word_1_124' title='bbox 325 2038 482 2121; x_wconf 90' lang='lat' dir='ltr'>quondam</span> <span class='ocrx_word' id='word_1_125' title='bbox 499 2037 623 2124; x_wconf 84' lang='lat' dir='ltr'>Regulo</span> <span class='ocrx_word' id='word_1_126' title='bbox 641 2048 773 2124; x_wconf 87' lang='lat' dir='ltr'>nuptam</span> <span class='ocrx_word' id='word_1_127' title='bbox 785 2062 909 2104; x_wconf 88' lang='lat' dir='ltr'>-nam</span> <span class='ocrx_word' id='word_1_128' title='bbox 927 2039 967 2103; x_wconf 89' lang='lat' dir='ltr'>de</span> <span class='ocrx_word' id='word_1_129' title='bbox 981 2038 1019 2103; x_wconf 82' lang='lat' dir='ltr'>O.</span> <span class='ocrx_word' id='word_1_130' title='bbox 1035 2038 1181 2104; x_wconf 86' lang='lat' dir='ltr'>Caesaris</span> 
     </span>
     <span class='ocr_line' id='line_1_19' title="bbox 153 2131 1182 2217; baseline 0.001 -22"><span class='ocrx_word' id='word_1_131' title='bbox 153 2132 271 2217; x_wconf 88' lang='lat' dir='ltr'>nuptiis</span> <span class='ocrx_word' id='word_1_132' title='bbox 290 2131 432 2196; x_wconf 89' lang='lat' dir='ltr'>consulto</span> <span class='ocrx_word' id='word_1_133' title='bbox 449 2131 598 2197; x_wconf 88' lang='lat' dir='ltr'>reticebat</span> <span class='ocrx_word' id='word_1_134' title='bbox 611 2132 782 2196; x_wconf 86' lang='lat' dir='ltr'>—addidit</span> <span class='ocrx_word' id='word_1_135' title='bbox 798 2132 973 2216; x_wconf 87' lang='lat' dir='ltr'>perniciosa</span> <span class='ocrx_word' id='word_1_136' title='bbox 990 2133 1023 2196; x_wconf 91' lang='lat' dir='ltr'>in</span> <span class='ocrx_word' id='word_1_137' title='bbox 1039 2153 1106 2196; x_wconf 88' lang='lat' dir='ltr'>rem</span> <span class='ocrx_word' id='word_1_138' title='bbox 1123 2153 1182 2216; x_wconf 92' lang='lat' dir='ltr'>pu-</span> 
     </span>
     <span class='ocr_line' id='line_1_20' title="bbox 152 2225 1182 2316; baseline -0.002 -26"><span class='ocrx_word' id='word_1_139' title='bbox 152 2225 268 2290; x_wconf 88' lang='lat' dir='ltr'>blicam</span> <span class='ocrx_word' id='word_1_140' title='bbox 295 2225 425 2290; x_wconf 90' lang='lat' dir='ltr'>consilia</span> <span class='ocrx_word' id='word_1_141' title='bbox 446 2237 478 2290; x_wconf 89' lang='lat' dir='ltr'>et</span> <span class='ocrx_word' id='word_1_142' title='bbox 502 2226 664 2290; x_wconf 86' lang='lat' dir='ltr'>materiem</span> <span class='ocrx_word' id='word_1_143' title='bbox 690 2225 800 2291; x_wconf 88' lang='lat' dir='ltr'>sceleri</span> <span class='ocrx_word' id='word_1_144' title='bbox 826 2225 1064 2316; x_wconf 68' lang='lat' dir='ltr'>detrahendam</span> <span class='ocrx_word' id='word_1_145' title='bbox 1090 2225 1182 2310; x_wconf 92' lang='lat' dir='ltr'>proin</span> 
     </span>
     <span class='ocr_line' id='line_1_21' title="bbox 151 2317 1181 2406; baseline 0.003 -25"><span class='ocrx_word' id='word_1_146' title='bbox 151 2317 320 2404; x_wconf 85' lang='lat' dir='ltr'>publicatis</span> <span class='ocrx_word' id='word_1_147' title='bbox 338 2317 429 2384; x_wconf 90' lang='lat' dir='ltr'>bonis</span> <span class='ocrx_word' id='word_1_148' title='bbox 448 2319 571 2384; x_wconf 87' lang='lat' dir='ltr'>eederet</span> <span class='ocrx_word' id='word_1_149' title='bbox 587 2319 693 2384; x_wconf 87' lang='lat' dir='ltr'>Italia:</span> <span class='ocrx_word' id='word_1_150' title='bbox 716 2319 761 2384; x_wconf 87' lang='lat' dir='ltr'>ita</span> <span class='ocrx_word' id='word_1_151' title='bbox 777 2319 984 2406; x_wconf 81' lang='lat' dir='ltr'>quinquagies</span> <span class='ocrx_word' id='word_1_152' title='bbox 1003 2319 1181 2384; x_wconf 88' lang='lat' dir='ltr'>sestertium</span> 
     </span>
     <span class='ocr_line' id='line_1_22' title="bbox 151 2411 1180 2498; baseline 0.002 -22"><span class='ocrx_word' id='word_1_153' title='bbox 151 2434 192 2476; x_wconf 87' lang='lat' dir='ltr'>ex</span> <span class='ocrx_word' id='word_1_154' title='bbox 209 2411 323 2496; x_wconf 93' lang='lat' dir='ltr'>opibus</span> <span class='ocrx_word' id='word_1_155' title='bbox 340 2412 491 2477; x_wconf 91' lang='lat' dir='ltr'>inmensis</span> <span class='ocrx_word' id='word_1_156' title='bbox 514 2411 598 2476; x_wconf 84' lang='lat' dir='ltr'>exuli</span> <span class='ocrx_word' id='word_1_157' title='bbox 615 2412 766 2477; x_wconf 88' lang='lat' dir='ltr'>relictum.</span> <span class='ocrx_word' id='word_1_158' title='bbox 795 2423 826 2478; x_wconf 91' lang='lat' dir='ltr'>et</span> <span class='ocrx_word' id='word_1_159' title='bbox 844 2411 1029 2498; x_wconf 85' lang='lat' dir='ltr'>Calpurnia,</span> <span class='ocrx_word' id='word_1_160' title='bbox 1051 2412 1180 2478; x_wconf 90' lang='lat' dir='ltr'>illustris</span> 
     </span>
     <span class='ocr_line' id='line_1_23' title="bbox 150 2506 1179 2595; baseline 0.004 -25"><span class='ocrx_word' id='word_1_161' title='bbox 150 2506 280 2583; x_wconf 88' lang='lat' dir='ltr'>femina,</span> <span class='ocrx_word' id='word_1_162' title='bbox 298 2507 491 2591; x_wconf 88' lang='lat' dir='ltr'>pervertitur,</span> <span class='ocrx_word' id='word_1_163' title='bbox 510 2508 585 2590; x_wconf 91' lang='lat' dir='ltr'>quia</span> <span class='ocrx_word' id='word_1_164' title='bbox 598 2507 731 2572; x_wconf 82' lang='lat' dir='ltr'>formum</span> <span class='ocrx_word' id='word_1_165' title='bbox 745 2509 812 2574; x_wconf 90' lang='lat' dir='ltr'>eius</span> <span class='ocrx_word' id='word_1_166' title='bbox 824 2509 1007 2574; x_wconf 86' lang='lat' dir='ltr'>laudaverat</span> <span class='ocrx_word' id='word_1_167' title='bbox 1023 2508 1179 2595; x_wconf 90' lang='lat' dir='ltr'>princeps,</span> 
     </span>
     <span class='ocr_line' id='line_1_24' title="bbox 149 2599 1180 2690; baseline 0.006 -30"><span class='ocrx_word' id='word_1_168' title='bbox 149 2599 238 2663; x_wconf 90' lang='lat' dir='ltr'>nulla</span> <span class='ocrx_word' id='word_1_169' title='bbox 254 2599 397 2678; x_wconf 91' lang='lat' dir='ltr'>libidine,</span> <span class='ocrx_word' id='word_1_170' title='bbox 420 2601 477 2666; x_wconf 90' lang='lat' dir='ltr'>sed</span> <span class='ocrx_word' id='word_1_171' title='bbox 494 2601 622 2666; x_wconf 87' lang='lat' dir='ltr'>fortuito</span> <span class='ocrx_word' id='word_1_172' title='bbox 640 2623 796 2680; x_wconf 90' lang='lat' dir='ltr'>sermone;</span> <span class='ocrx_word' id='word_1_173' title='bbox 819 2603 902 2669; x_wconf 90' lang='lat' dir='ltr'>unde</span> <span class='ocrx_word' id='word_1_174' title='bbox 919 2603 966 2668; x_wconf 91' lang='lat' dir='ltr'>ira</span> <span class='ocrx_word' id='word_1_175' title='bbox 982 2601 1180 2690; x_wconf 85' lang='lat' dir='ltr'>Agrippinae</span> 
     </span>
     <span class='ocr_line' id='line_1_25' title="bbox 150 2691 1180 2780; baseline 0.007 -26"><span class='ocrx_word' id='word_1_176' title='bbox 150 2691 230 2755; x_wconf 83' lang='lat' dir='ltr'>citra</span> <span class='ocrx_word' id='word_1_177' title='bbox 247 2695 357 2759; x_wconf 89' lang='lat' dir='ltr'>ultima</span> <span class='ocrx_word' id='word_1_178' title='bbox 374 2695 473 2760; x_wconf 83' lang='lat' dir='ltr'>stetit:</span> <span class='ocrx_word' id='word_1_179' title='bbox 491 2696 524 2760; x_wconf 91' lang='lat' dir='ltr'>in</span> <span class='ocrx_word' id='word_1_180' title='bbox 540 2694 679 2760; x_wconf 88' lang='lat' dir='ltr'>Lolliam</span> <span class='ocrx_word' id='word_1_181' title='bbox 696 2697 828 2761; x_wconf 89' lang='lat' dir='ltr'>mittitur</span> <span class='ocrx_word' id='word_1_182' title='bbox 845 2697 1002 2775; x_wconf 90' lang='lat' dir='ltr'>tribunus,</span> <span class='ocrx_word' id='word_1_183' title='bbox 1020 2719 1120 2780; x_wconf 85' lang='lat' dir='ltr'>aquo</span> <span class='ocrx_word' id='word_1_184' title='bbox 1138 2697 1180 2761; x_wconf 91' lang='lat' dir='ltr'>ad</span> 
     </span>
     <span class='ocr_line' id='line_1_26' title="bbox 149 2787 1180 2878; baseline 0.009 -30"><span class='ocrx_word' id='word_1_185' title='bbox 149 2795 284 2850; x_wconf 89' lang='lat' dir='ltr'>mortem</span> <span class='ocrx_word' id='word_1_186' title='bbox 307 2787 491 2872; x_wconf 86' lang='lat' dir='ltr'>adigeretur.</span> <span class='ocrx_word' id='word_1_187' title='bbox 518 2790 684 2855; x_wconf 89' lang='lat' dir='ltr'>damnatus</span> <span class='ocrx_word' id='word_1_188' title='bbox 707 2801 738 2855; x_wconf 91' lang='lat' dir='ltr'>et</span> <span class='ocrx_word' id='word_1_189' title='bbox 758 2792 830 2878; x_wconf 89' lang='lat' dir='ltr'>lege</span> <span class='ocrx_word' id='word_1_190' title='bbox 851 2792 1093 2877; x_wconf 90' lang='lat' dir='ltr'>repetundarum</span> <span class='ocrx_word' id='word_1_191' title='bbox 1116 2790 1180 2857; x_wconf 69' lang='lat' dir='ltr'>Ca</span> 
     </span>
     <span class='ocr_line' id='line_1_27' title="bbox 149 2878 760 2970; baseline 0.01 -28"><span class='ocrx_word' id='word_1_192' title='bbox 149 2879 222 2943; x_wconf 89' lang='lat' dir='ltr'>dius</span> <span class='ocrx_word' id='word_1_193' title='bbox 240 2878 346 2944; x_wconf 84' lang='lat' dir='ltr'>Rufus</span> <span class='ocrx_word' id='word_1_194' title='bbox 364 2883 584 2949; x_wconf 89' lang='lat' dir='ltr'>accusantibus</span> <span class='ocrx_word' id='word_1_195' title='bbox 602 2883 760 2970; x_wconf 90' lang='lat' dir='ltr'>Bithynis.</span> 
     </span>
    </p>

    <p class='ocr_par' dir='ltr' id='par_1_4' title="bbox 147 2969 1230 3626">
     <span class='ocr_line' id='line_1_28' title="bbox 216 2969 1230 3063; baseline 0.01 -27"><span class='ocrx_word' id='word_1_196' title='bbox 216 2969 340 3038; x_wconf 81' lang='lat' dir='ltr'>Galbae</span> <span class='ocrx_word' id='word_1_197' title='bbox 352 2973 547 3042; x_wconf 88' lang='lat' dir='ltr'>Narbonensi</span> <span class='ocrx_word' id='word_1_198' title='bbox 565 2976 606 3042; x_wconf 94' lang='lat' dir='ltr'>ob</span> <span class='ocrx_word' id='word_1_199' title='bbox 624 2978 784 3063; x_wconf 86' lang='lat' dir='ltr'>egregiam</span> <span class='ocrx_word' id='word_1_200' title='bbox 801 2978 835 3041; x_wconf 91' lang='lat' dir='ltr'>in</span> <span class='ocrx_word' id='word_1_201' title='bbox 852 2987 956 3062; x_wconf 88' lang='lat' dir='ltr'>patres</span> <span class='ocrx_word' id='word_1_202' title='bbox 973 2977 1179 3042; x_wconf 84' lang='lat' dir='ltr'>reverentiam</span> <span class='ocrx_word' id='word_1_203' title='bbox 1198 2999 1230 3046; x_wconf 82' lang='grc'>23</span> 
     </span>
     <span class='ocr_line' id='line_1_29' title="bbox 148 3067 1180 3155; baseline 0.003 -24"><span class='ocrx_word' id='word_1_204' title='bbox 148 3067 261 3131; x_wconf 89' lang='lat' dir='ltr'>datum</span> <span class='ocrx_word' id='word_1_205' title='bbox 278 3078 314 3132; x_wconf 90' lang='lat' dir='ltr'>ut</span> <span class='ocrx_word' id='word_1_206' title='bbox 331 3069 525 3135; x_wconf 88' lang='lat' dir='ltr'>senatoribus</span> <span class='ocrx_word' id='word_1_207' title='bbox 540 3070 607 3136; x_wconf 91' lang='lat' dir='ltr'>eius</span> <span class='ocrx_word' id='word_1_208' title='bbox 620 3071 799 3155; x_wconf 82' lang='lat' dir='ltr'>provinciae</span> <span class='ocrx_word' id='word_1_209' title='bbox 817 3094 881 3136; x_wconf 94' lang='lat' dir='ltr'>non</span> <span class='ocrx_word' id='word_1_210' title='bbox 894 3071 1049 3153; x_wconf 85' lang='lat' dir='ltr'>exquisita</span> <span class='ocrx_word' id='word_1_211' title='bbox 1065 3070 1180 3154; x_wconf 90' lang='lat' dir='ltr'>princi·</span> 
     </span>
     <span class='ocr_line' id='line_1_30' title="bbox 147 3161 1179 3248; baseline 0.004 -24"><span class='ocrx_word' id='word_1_212' title='bbox 147 3161 200 3246; x_wconf 91' lang='lat' dir='ltr'>pis</span> <span class='ocrx_word' id='word_1_213' title='bbox 219 3162 382 3240; x_wconf 85' lang='lat' dir='ltr'>sententia,</span> <span class='ocrx_word' id='word_1_214' title='bbox 400 3163 468 3228; x_wconf 89' lang='lat' dir='ltr'>iure</span> <span class='ocrx_word' id='word_1_215' title='bbox 485 3163 672 3248; x_wconf 66' lang='lat' dir='ltr'>quosicilia</span> <span class='ocrx_word' id='word_1_216' title='bbox 689 3164 865 3242; x_wconf 90' lang='lat' dir='ltr'>haberetur,</span> <span class='ocrx_word' id='word_1_217' title='bbox 883 3187 934 3229; x_wconf 90' lang='lat' dir='ltr'>res</span> <span class='ocrx_word' id='word_1_218' title='bbox 953 3185 1026 3228; x_wconf 87' lang='lat' dir='ltr'>suas</span> <span class='ocrx_word' id='word_1_219' title='bbox 1044 3163 1179 3228; x_wconf 87' lang='lat' dir='ltr'>invisere</span> 
     </span>
     <span class='ocr_line' id='line_1_31' title="bbox 148 3254 1179 3344; baseline 0.005 -27"><span class='ocrx_word' id='word_1_220' title='bbox 148 3255 272 3333; x_wconf 82' lang='lat' dir='ltr'>liceret3</span> <span class='ocrx_word' id='word_1_221' title='bbox 294 3255 473 3340; x_wconf 90' lang='lat' dir='ltr'>Ituraeique</span> <span class='ocrx_word' id='word_1_222' title='bbox 495 3267 526 3322; x_wconf 90' lang='lat' dir='ltr'>et</span> <span class='ocrx_word' id='word_1_223' title='bbox 544 3258 654 3323; x_wconf 89' lang='lat' dir='ltr'>Iudaei</span> <span class='ocrx_word' id='word_1_224' title='bbox 675 3257 831 3323; x_wconf 81' lang='lat' dir='ltr'>defunctis</span> <span class='ocrx_word' id='word_1_225' title='bbox 853 3257 996 3344; x_wconf 90' lang='lat' dir='ltr'>regibus,</span> <span class='ocrx_word' id='word_1_226' title='bbox 1021 3254 1179 3323; x_wconf 91' lang='lat' dir='ltr'>Sohaemo</span> 
     </span>
     <span class='ocr_line' id='line_1_32' title="bbox 148 3347 1179 3439; baseline 0.007 -28"><span class='ocrx_word' id='word_1_227' title='bbox 148 3357 245 3431; x_wconf 91' lang='lat' dir='ltr'>atquc</span> <span class='ocrx_word' id='word_1_228' title='bbox 257 3347 411 3435; x_wconf 84' lang='lat' dir='ltr'>Agrippa,</span> <span class='ocrx_word' id='word_1_229' title='bbox 425 3352 604 3436; x_wconf 88' lang='lat' dir='ltr'>provinciae</span> <span class='ocrx_word' id='word_1_230' title='bbox 619 3350 731 3438; x_wconf 86' lang='lat' dir='ltr'>Syriae</span> <span class='ocrx_word' id='word_1_231' title='bbox 748 3352 855 3416; x_wconf 71' lang='lat' dir='ltr'>additi·</span> <span class='ocrx_word' id='word_1_232' title='bbox 880 3351 999 3418; x_wconf 83' lang='lat' dir='ltr'>Salutis</span> <span class='ocrx_word' id='word_1_233' title='bbox 1013 3351 1179 3439; x_wconf 88' lang='lat' dir='ltr'>augurium</span> 
     </span>
     <span class='ocr_line' id='line_1_33' title="bbox 148 3443 1179 3533; baseline 0.007 -28"><span class='ocrx_word' id='word_1_234' title='bbox 148 3443 289 3525; x_wconf 90' lang='lat' dir='ltr'>quinque</span> <span class='ocrx_word' id='word_1_235' title='bbox 303 3453 335 3508; x_wconf 89' lang='lat' dir='ltr'>et</span> <span class='ocrx_word' id='word_1_236' title='bbox 346 3449 539 3532; x_wconf 72' lang='lat' dir='ltr'>septuaginta</span> <span class='ocrx_word' id='word_1_237' title='bbox 552 3447 642 3512; x_wconf 89' lang='lat' dir='ltr'>annis</span> <span class='ocrx_word' id='word_1_238' title='bbox 656 3447 808 3512; x_wconf 90' lang='lat' dir='ltr'>omissum</span> <span class='ocrx_word' id='word_1_239' title='bbox 821 3447 919 3533; x_wconf 88' lang='lat' dir='ltr'>repeti</span> <span class='ocrx_word' id='word_1_240' title='bbox 932 3469 969 3512; x_wconf 91' lang='lat' dir='ltr'>ac</span> <span class='ocrx_word' id='word_1_241' title='bbox 982 3447 1094 3513; x_wconf 88' lang='lat' dir='ltr'>deinde</span> <span class='ocrx_word' id='word_1_242' title='bbox 1104 3467 1179 3514; x_wconf 93' lang='lat' dir='ltr'>con-</span> 
     </span>
     <span class='ocr_line' id='line_1_34' title="bbox 148 3535 1178 3626; baseline 0.01 -28"><span class='ocrx_word' id='word_1_243' title='bbox 148 3535 265 3600; x_wconf 87' lang='lat' dir='ltr'>tinuari</span> <span class='ocrx_word' id='word_1_244' title='bbox 281 3536 440 3622; x_wconf 90' lang='lat' dir='ltr'>placitum.</span> <span class='ocrx_word' id='word_1_245' title='bbox 467 3549 500 3604; x_wconf 87' lang='lat' dir='ltr'>et</span> <span class='ocrx_word' id='word_1_246' title='bbox 515 3541 710 3626; x_wconf 86' lang='lat' dir='ltr'>pomoerium</span> <span class='ocrx_word' id='word_1_247' title='bbox 726 3541 813 3607; x_wconf 87' lang='lat' dir='ltr'>urbis</span> <span class='ocrx_word' id='word_1_248' title='bbox 831 3543 918 3607; x_wconf 85' lang='lat' dir='ltr'>auxit</span> <span class='ocrx_word' id='word_1_249' title='bbox 936 3541 1068 3619; x_wconf 86' lang='lat' dir='ltr'>Caesar,</span> <span class='ocrx_word' id='word_1_250' title='bbox 1092 3565 1178 3608; x_wconf 89' lang='lat' dir='ltr'>more</span> 
     </span>
    </p>
   </div>
   <div class='ocr_carea' id='block_1_3' title="bbox 147 3629 1226 4288">
    <p class='ocr_par' dir='ltr' id='par_1_5' title="bbox 147 3629 1178 4002">
     <span class='ocr_line' id='line_1_35' title="bbox 147 3629 1178 3722; baseline 0.007 -29"><span class='ocrx_word' id='word_1_251' title='bbox 147 3629 263 3714; x_wconf 87' lang='lat' dir='ltr'>priseo,</span> <span class='ocrx_word' id='word_1_252' title='bbox 282 3653 345 3714; x_wconf 93' lang='lat' dir='ltr'>quo</span> <span class='ocrx_word' id='word_1_253' title='bbox 362 3632 401 3698; x_wconf 87' lang='lat' dir='ltr'>iis</span> <span class='ocrx_word' id='word_1_254' title='bbox 419 3634 474 3716; x_wconf 93' lang='lat' dir='ltr'>qui</span> <span class='ocrx_word' id='word_1_255' title='bbox 486 3636 641 3720; x_wconf 88' lang='lat' dir='ltr'>protulere</span> <span class='ocrx_word' id='word_1_256' title='bbox 658 3637 833 3722; x_wconf 91' lang='lat' dir='ltr'>imperium,</span> <span class='ocrx_word' id='word_1_257' title='bbox 852 3637 946 3702; x_wconf 89' lang='lat' dir='ltr'>ctiam</span> <span class='ocrx_word' id='word_1_258' title='bbox 959 3637 1107 3701; x_wconf 88' lang='lat' dir='ltr'>terminos</span> <span class='ocrx_word' id='word_1_259' title='bbox 1125 3659 1178 3700; x_wconf 94' lang='lat' dir='ltr'>ur·</span> 
     </span>
     <span class='ocr_line' id='line_1_36' title="bbox 147 3723 1176 3813; baseline 0.006 -25"><span class='ocrx_word' id='word_1_260' title='bbox 147 3723 198 3789; x_wconf 91' lang='lat' dir='ltr'>bis</span> <span class='ocrx_word' id='word_1_261' title='bbox 216 3747 390 3813; x_wconf 88' lang='lat' dir='ltr'>propagare</span> <span class='ocrx_word' id='word_1_262' title='bbox 403 3728 509 3808; x_wconf 85' lang='lat' dir='ltr'>datur3</span> <span class='ocrx_word' id='word_1_263' title='bbox 527 3753 585 3795; x_wconf 89' lang='lat' dir='ltr'>neo</span> <span class='ocrx_word' id='word_1_264' title='bbox 600 3741 704 3796; x_wconf 87' lang='lat' dir='ltr'>tamen</span> <span class='ocrx_word' id='word_1_265' title='bbox 722 3732 819 3798; x_wconf 90' lang='lat' dir='ltr'>duces</span> <span class='ocrx_word' id='word_1_266' title='bbox 832 3731 968 3796; x_wconf 88' lang='lat' dir='ltr'>Romani</span> <span class='ocrx_word' id='word_1_267' title='bbox 985 3751 1176 3813; x_wconf 88' lang='lat' dir='ltr'>quamquam</span> 
     </span>
     <span class='ocr_line' id='line_1_37' title="bbox 148 3819 1178 3912; baseline 0.002 -30"><span class='ocrx_word' id='word_1_268' title='bbox 148 3819 274 3904; x_wconf 88' lang='lat' dir='ltr'>magnis</span> <span class='ocrx_word' id='word_1_269' title='bbox 296 3821 476 3888; x_wconf 89' lang='lat' dir='ltr'>nationibus</span> <span class='ocrx_word' id='word_1_270' title='bbox 499 3824 651 3904; x_wconf 87' lang='lat' dir='ltr'>subactis,</span> <span class='ocrx_word' id='word_1_271' title='bbox 675 3834 915 3912; x_wconf 86' lang='lat' dir='ltr'>usurpaverant,</span> <span class='ocrx_word' id='word_1_272' title='bbox 938 3824 1000 3888; x_wconf 91' lang='lat' dir='ltr'>nisi</span> <span class='ocrx_word' id='word_1_273' title='bbox 1020 3823 1063 3886; x_wconf 87' lang='lat' dir='ltr'>L.</span> <span class='ocrx_word' id='word_1_274' title='bbox 1087 3819 1178 3886; x_wconf 83' lang='lat' dir='ltr'>Sulla</span> 
     </span>
     <span class='ocr_line' id='line_1_38' title="bbox 147 3913 485 4002; baseline 0.018 -26"><span class='ocrx_word' id='word_1_275' title='bbox 147 3923 180 3977; x_wconf 92' lang='lat' dir='ltr'>et</span> <span class='ocrx_word' id='word_1_276' title='bbox 196 3913 289 3978; x_wconf 88' lang='lat' dir='ltr'>divus</span> <span class='ocrx_word' id='word_1_277' title='bbox 307 3913 485 4002; x_wconf 89' lang='lat' dir='ltr'>Augustus.</span> 
     </span>
    </p>

    <p class='ocr_par' dir='ltr' id='par_1_6' title="bbox 147 4006 1226 4288">
     <span class='ocr_line' id='line_1_39' title="bbox 210 4006 1226 4100; baseline 0.001 -29"><span class='ocrx_word' id='word_1_278' title='bbox 210 4007 339 4094; x_wconf 87' lang='lat' dir='ltr'>Regum</span> <span class='ocrx_word' id='word_1_279' title='bbox 355 4010 388 4074; x_wconf 91' lang='lat' dir='ltr'>in</span> <span class='ocrx_word' id='word_1_280' title='bbox 406 4033 444 4076; x_wconf 90' lang='lat' dir='ltr'>eo</span> <span class='ocrx_word' id='word_1_281' title='bbox 461 4012 589 4078; x_wconf 85' lang='lat' dir='ltr'>ambitio</span> <span class='ocrx_word' id='word_1_282' title='bbox 602 4014 653 4078; x_wconf 83' lang='lat' dir='ltr'>vel</span> <span class='ocrx_word' id='word_1_283' title='bbox 669 4013 769 4100; x_wconf 91' lang='lat' dir='ltr'>gloria</span> <span class='ocrx_word' id='word_1_284' title='bbox 781 4014 866 4077; x_wconf 86' lang='lat' dir='ltr'>varie</span> <span class='ocrx_word' id='word_1_285' title='bbox 883 4011 1026 4097; x_wconf 84' lang='lat' dir='ltr'>vulgata:</span> <span class='ocrx_word' id='word_1_286' title='bbox 1045 4007 1102 4072; x_wconf 90' lang='lat' dir='ltr'>sed</span> <span class='ocrx_word' id='word_1_287' title='bbox 1118 4006 1177 4071; x_wconf 91' lang='lat' dir='ltr'>ini·</span> <span class='ocrx_word' id='word_1_288' title='bbox 1195 4026 1226 4072; x_wconf 73' lang='lat' dir='ltr'>ar</span> 
     </span>
     <span class='ocr_line' id='line_1_40' title="bbox 147 4099 1177 4192; baseline 0.004 -29"><span class='ocrx_word' id='word_1_289' title='bbox 147 4099 226 4166; x_wconf 88' lang='lat' dir='ltr'>tium</span> <span class='ocrx_word' id='word_1_290' title='bbox 244 4104 408 4183; x_wconf 89' lang='lat' dir='ltr'>condendi,</span> <span class='ocrx_word' id='word_1_291' title='bbox 427 4116 458 4171; x_wconf 90' lang='lat' dir='ltr'>et</span> <span class='ocrx_word' id='word_1_292' title='bbox 475 4109 560 4190; x_wconf 90' lang='lat' dir='ltr'>quod</span> <span class='ocrx_word' id='word_1_293' title='bbox 576 4109 769 4192; x_wconf 87' lang='lat' dir='ltr'>pomoerimn</span> <span class='ocrx_word' id='word_1_294' title='bbox 782 4107 936 4175; x_wconf 88' lang='lat' dir='ltr'>Romulus</span> <span class='ocrx_word' id='word_1_295' title='bbox 954 4103 1102 4190; x_wconf 88' lang='lat' dir='ltr'>posuerit,</span> <span class='ocrx_word' id='word_1_296' title='bbox 1120 4125 1177 4167; x_wconf 91' lang='lat' dir='ltr'>no-</span> 
     </span>
     <span class='ocr_line' id='line_1_41' title="bbox 148 4197 1176 4288; baseline 0.004 -30"><span class='ocrx_word' id='word_1_297' title='bbox 148 4215 234 4261; x_wconf 83' lang='lat' dir='ltr'>scere</span> <span class='ocrx_word' id='word_1_298' title='bbox 248 4197 334 4264; x_wconf 88' lang='lat' dir='ltr'>haud</span> <span class='ocrx_word' id='word_1_299' title='bbox 347 4199 519 4268; x_wconf 88' lang='lat' dir='ltr'>absurdum</span> <span class='ocrx_word' id='word_1_300' title='bbox 530 4223 610 4268; x_wconf 85' lang='lat' dir='ltr'>reor.</span> <span class='ocrx_word' id='word_1_301' title='bbox 628 4201 724 4288; x_wconf 86' lang='lat' dir='ltr'>igitur</span> <span class='ocrx_word' id='word_1_302' title='bbox 736 4225 755 4266; x_wconf 92' lang='lat' dir='ltr'>a</span> <span class='ocrx_word' id='word_1_303' title='bbox 768 4201 836 4267; x_wconf 84' lang='lat' dir='ltr'>foro</span> <span class='ocrx_word' id='word_1_304' title='bbox 851 4200 968 4279; x_wconf 84' lang='lat' dir='ltr'>boario,</span> <span class='ocrx_word' id='word_1_305' title='bbox 982 4198 1038 4267; x_wconf 92' lang='lat' dir='ltr'>ubi</span> <span class='ocrx_word' id='word_1_306' title='bbox 1050 4220 1176 4266; x_wconf 84' lang='lat' dir='ltr'>aereum</span> 
     </span>
    </p>
   </div>
   <div class='ocr_carea' id='block_1_4' title="bbox 0 0 1526 4956">
    <p class='ocr_par' dir='ltr' id='par_1_7' title="bbox 0 0 1526 4956">
     <span class='ocr_line' id='line_1_42' title="bbox 0 0 1526 4956; baseline 0 4"><span class='ocrx_word' id='word_1_307' title='bbox 0 0 1526 4956; x_wconf 95' lang='lat' dir='ltr'> </span> 
     </span>
    </p>
   </div>
  </div>
 </body>
</html>
