2958 4960
288 447 329 514 12
637 455 819 513 CORNELII
833 453 965 512 TAOITI

1205 556 1224 587 ι.
1235 557 1256 586 u.
1268 549 1313 587 tet.

220 613 222 618 ’
286 619 369 694 titur,
387 638 445 702 pro
458 613 610 680 Arruntio
627 611 756 696 quidam
766 611 825 677 Cn.
836 611 986 678 Pisonem
999 613 1169 692 tradidere;
1189 637 1315 680 omnes-

286 735 348 796 que
356 708 645 796 praeterLepidum
654 707 749 772 variis
758 729 833 770 mox
846 706 1026 772 criminibus
1037 717 1175 772 struente
1186 708 1315 773 Tiberio

286 804 489 872 circumventi
503 812 585 868 sunt.
609 802 703 868 etiam
713 800 754 884 Q.
769 801 920 866 Haterius
934 811 965 866 et
977 800 1158 869 Mamercus
1174 801 1315 869 Scaurus

287 900 483 985 suspicacem
504 897 642 962 animum
667 895 889 981 perstrinxere,
915 895 1066 961 Haterius
1088 919 1159 962 cum
1182 898 1317 964 dixisset

287 1011 471 1079 „quousque
479 991 617 1077 patieris,
628 989 760 1067 Caesar,
775 1011 837 1053 non
846 989 957 1056 adesse
971 991 1117 1076 caputrei
1126 992 1314 1078 publicael“

288 1087 426 1155 Scaurus
440 1086 513 1171 quia
531 1086 652 1150 dixerat
670 1106 758 1168 spem
772 1105 842 1148 esse
856 1105 896 1159 eu
913 1106 951 1149 eo
969 1107 1034 1148 non
1051 1084 1159 1150 inritas
1177 1084 1247 1151 fore
1266 1108 1316 1150 se-

285 1193 377 1246 natus
395 1202 513 1266 preces,
532 1178 618 1263 quod
634 1177 777 1243 relationi
791 1176 955 1242 consulum
972 1177 1039 1244 iure
1057 1178 1241 1244 tribuniciae
1260 1201 1317 1264 po-

286 1274 407 1340 testatis
421 1295 485 1338 non
497 1271 734 1337 intercessisset.
752 1271 786 1335 in
794 1270 962 1336 Haterium
976 1272 1081 1338 statim
1094 1271 1236 1338 invectus
1252 1282 1316 1350 est;
1368 1333 1375 1342 .

288 1367 457 1444 Scaurum,
480 1367 531 1430 oui
548 1361 769 1452 ‘in‘plaoabilius
791 1363 997 1443 irascebatur,
1025 1366 1148 1431 silentio
1170 1367 1315 1432 tramisit.

285 1462 452 1543 fessusque
461 1459 595 1524 clamore
605 1457 753 1536 omnium,
764 1458 1013 1544 expostulatione
1022 1460 1217 1546 singulorum
1226 1460 1317 1525 flexit

286 1554 450 1641 paulatim,
473 1575 536 1617 non
553 1566 589 1616 ut
606 1551 756 1616 fateretur
778 1552 896 1637 suscipi
913 1575 933 1616 a
950 1574 984 1617 se
1002 1553 1181 1638 imperium,
1205 1554 1264 1619 sed
1282 1567 1317 1619 ut

286 1669 401 1734 negare
419 1655 450 1712 et
467 1645 571 1733 rogari
588 1646 751 1712 desineret.
775 1656 897 1712 constat
914 1646 1094 1726 Haterium,
1114 1670 1186 1712 cum
1204 1648 1317 1734 depre-

286 1741 378 1806 candi
387 1763 482 1806 causa
497 1740 647 1826 palatium
656 1740 814 1806 introisset
822 1740 1073 1825 ambulantisque
1082 1742 1200 1807 Tiberii
1210 1765 1317 1828 genua

286 1834 512 1911 advolveretur,
531 1856 628 1920 prope
646 1857 665 1898 a
682 1833 832 1900 militibus
850 1835 1057 1914 interfectum,
1077 1836 1150 1920 quia
1168 1836 1316 1902 Tiberius

287 1952 364 1994 casu
385 1952 425 1994 an
448 1929 592 1994 manibus
611 1928 678 1992 eius
696 1928 853 2012 inpeditus
875 1929 1063 2013 prociderat3
1085 1951 1186 2013 neque
1208 1939 1317 1995 tamen

285 2022 424 2110 periculo
438 2023 508 2088 talis
526 2023 585 2087 viri
603 2022 762 2108 mitigatus
781 2030 837 2099 est,
857 2023 955 2087 donec
970 2022 1120 2089 Haterius
1133 2024 1316 2110 Augustam

287 2127 389 2184 oraret
407 2117 537 2200 eiusque
555 2116 759 2182 curatissimis
777 2115 922 2201 precibus
941 2128 1164 2204 protegeretur.

241 2234 270 2280 14
352 2211 457 2276 Multa
469 2221 593 2296 patrum
611 2210 691 2274 etin
704 2208 885 2295 Augustam
903 2211 1055 2276 adulatio:
1073 2211 1126 2276 alii
1142 2222 1314 2296 parentem,

287 2305 340 2370 alii
357 2317 487 2369 matrem
506 2305 623 2389 patriae
641 2303 868 2388 appellandam,
886 2304 1027 2388 plerique
1045 2313 1080 2368 ut
1096 2305 1214 2369 nomini
1233 2304 1317 2370 Cae-

288 2399 365 2465 saris
384 2398 611 2463 adscriberetur
623 2397 721 2461 luliae
739 2396 822 2461 filius
836 2397 1018 2462 censebant:
1037 2398 1088 2464 ille
1106 2398 1314 2466 moderandos

288 2493 474 2558 feminarum
487 2491 621 2556 honores
634 2490 780 2555 dictitans
791 2492 962 2575 eademque
976 2515 1010 2557 se
1024 2493 1228 2578 temperantia
1239 2516 1316 2560 usu-

287 2609 356 2650 rum
373 2586 407 2649 in
423 2585 472 2650 his
491 2607 572 2668 quae
590 2583 651 2650 sibi
668 2583 889 2662 tribuerentur,
913 2596 1051 2650 ceterum
1068 2587 1180 2652 anxius
1199 2587 1317 2654 invidia

288 2692 319 2744 et
340 2678 491 2744 muliebre
513 2679 677 2765 fastigium
693 2679 728 2743 in
748 2679 992 2746 deminutionem
1011 2682 1059 2746 sui
1081 2681 1252 2767 accipiens,
1275 2705 1316 2746 ne

286 2774 427 2839 lictorem
445 2774 571 2856 quidem
589 2774 618 2837 ei
635 2773 760 2838 decerni
777 2795 890 2858 passus
909 2784 958 2838 est
975 2797 1122 2859 aramque
1139 2775 1315 2860 adoptionis

288 2878 319 2933 et
336 2868 397 2932 alia
414 2867 629 2932 huiuscemodi
646 2867 814 2953 prohibuit.
837 2877 870 2932 at
888 2866 1077 2934 Germanico
1096 2868 1227 2934 Caesari
1243 2891 1316 2954 pro-

287 2963 450 3028 consulare
468 2962 632 3048 imperium
650 2962 773 3048 petivit,
797 2962 947 3046 missique
965 2963 1061 3049 legati
1077 2964 1132 3047 qui
1148 2963 1314 3041 deferrent,

288 3057 380 3122 simul
407 3057 594 3122 maestitiam
621 3057 688 3121 eius
714 3056 755 3121 ob
778 3078 942 3122 excessum
965 3055 1106 3144 Augusti
1132 3056 1314 3122 solarentur.

288 3175 350 3235 quo
368 3152 472 3218 minus
490 3152 574 3217 idem
591 3174 647 3237 pro
664 3151 774 3216 Druso
795 3150 1018 3237 postularetur,
1042 3174 1080 3216 ea
1097 3174 1205 3228 causa,
1230 3152 1315 3235 quod

287 3246 469 3332 designatus
497 3246 607 3311 consul
632 3246 759 3311 Drusus
786 3248 998 3330 praesensque
1025 3253 1100 3310 erat.
1131 3245 1314 3310 candidatos

287 3349 450 3424 praeturae
468 3340 633 3404 duodecim
650 3339 831 3416 nominavit,
850 3362 1015 3406 numerum
1033 3339 1072 3404 ab
1086 3338 1234 3425 Augusto
1252 3347 1315 3403 tra-

287 3431 402 3508 ditum;
429 3439 460 3494 et
480 3430 623 3496 hortante
649 3442 761 3497 senatu
781 3441 816 3497 ut
841 3443 984 3519 augeret,
1011 3433 1078 3499 iure
1103 3433 1234 3498 iurando
1257 3432 1314 3498 ob·

292 3523 417 3588 strinxit
435 3545 468 3588 se
481 3546 544 3588 non
561 3546 773 3591 excessurum.

240 3639 269 3686 15
352 3616 435 3682 Tum
449 3617 584 3703 primum
598 3641 615 3684 e
630 3641 740 3706 campo
755 3621 880 3686 comitia
894 3622 935 3686 ad
947 3630 1051 3708 patres
1065 3620 1214 3686 translata
1227 3629 1313 3685 sunt:

286 3735 360 3778 num
369 3712 409 3778 ad
418 3735 487 3778 eam
501 3712 593 3792 diem,
609 3714 667 3780 etsi
676 3716 839 3800 potissima
847 3715 974 3782 arbitrio
987 3716 1144 3802 principis,
1160 3715 1313 3798 quaedam

287 3818 392 3872 tamen
402 3807 512 3874 studiis
522 3807 658 3874 tribuum
671 3809 802 3888 fiebant3
816 3832 917 3893 neque
926 3810 1061 3896 populus
1071 3811 1251 3894 ademptum
1265 3809 1313 3874 ius

287 3911 416 3984 questus
426 3912 474 3967 est
482 3903 543 3968 nisi
553 3903 637 3968 inani
645 3926 778 3982 rumore,
793 3914 825 3969 et
833 3915 959 3970 senatus
973 3903 1190 3991 largitionibus
1199 3925 1314 3988 aepre-

288 3993 375 4059 cibus
390 3997 521 4062 sordidis
537 3998 698 4063 exsolutus
711 3998 811 4064 libens
821 3998 929 4074 tenuit,
945 3999 1123 4064 moderante
1133 3997 1260 4063 Tiberio
1274 4019 1314 4062 ne

288 4086 391 4172 plures
401 4111 496 4172 quam
505 4100 652 4180 quattuor
665 4092 846 4157 candidatos
856 4093 1097 4170 commendaret,
1113 4092 1179 4156 sine
1189 4088 1315 4176 repsdra

287 4191 317 4244 et
331 4179 450 4246 ambitu
463 4182 683 4270 designandos.
703 4186 782 4251 iuter
795 4207 876 4269 quae
889 4184 1004 4251 tribuni
1017 4184 1120 4271 plebei
1133 4184 1270 4270 petivere
1279 4192 1313 4250 ut
