2958 4960
368 425 613 498 'nuusmuu
630 440 704 496 nm.
717 441 740 496 1.
757 441 877 497 42-45.
1107 433 1150 498 25

134 547 153 584 s.
162 532 200 574 cu.
210 534 242 572 ιι,

132 601 249 668 venisse
262 599 409 664 Romano
422 597 551 674 nomini,
565 598 788 682 compressisse
802 595 990 668 Germaniae
1002 603 1150 688 populos:

131 705 189 772 tua,
208 695 280 759 dive
298 691 457 778 Auguste,
476 692 562 756 caelo
579 701 704 776 recepta
720 715 824 771 mens,
843 702 911 771 tua,
929 704 1017 780 pater
1032 696 1150 776 Druse,

130 789 244 874 imago,
268 787 317 852 tui
333 785 485 850 memoria
501 784 601 851 isdem
618 785 687 850 istis
710 808 783 850 oum
803 787 968 866 militibus,
992 812 1071 873 quos
1088 792 1151 856 iam

129 882 225 966 pudor
241 889 275 945 et
292 879 394 965 gloria
409 879 518 956 intrat,
541 877 646 943 eluant
662 878 743 944 hanc
760 881 917 946 maculam
934 882 1058 967 irasque
1077 885 1152 949 civi-

128 975 170 1040 les
186 976 220 1039 in
238 973 371 1038 exitium
388 972 532 1038 hostibus
549 981 680 1038 vertant.
703 995 760 1040 vos
778 996 918 1058 quoque,
941 998 1074 1060 quorum
1092 978 1153 1044 alia

128 1091 209 1133 nunc
224 1091 297 1144 ora,
320 1067 382 1132 alia
398 1075 526 1152 pectora
543 1076 704 1144 contueor,
723 1068 752 1132 si
767 1068 889 1155 legatos
908 1071 1042 1148 senatui,
1061 1071 1152 1137 obse-

128 1164 232 1248 quium
246 1162 437 1248 imperatori,
457 1162 485 1226 si
501 1161 578 1226 mihi
594 1163 761 1249 coniugem
774 1174 806 1229 et
817 1165 916 1230 filium
929 1167 1068 1245 redditis,
1088 1169 1152 1234 dis-

128 1257 223 1321 cedite
240 1279 262 1321 a
280 1264 426 1320 contactu
448 1277 485 1320 ac
503 1255 630 1320 dividite
648 1255 803 1323 turbidos:
827 1258 860 1323 id
883 1259 993 1326 stabile
1016 1261 1057 1326 ad
1077 1284 1152 1347 pae-

127 1350 301 1426 nitentiam,
319 1350 353 1414 id
369 1349 443 1414 fidei
460 1349 619 1414 vinculum
637 1350 724 1414 erit.“

187 1442 358 1529 Supplices
376 1443 417 1508 ad
434 1443 512 1508 baec
530 1453 562 1508 et
578 1466 653 1509 vera
670 1446 851 1530 exprobrari
867 1448 1002 1514 fatentes
1020 1447 1151 1516 orabant
1168 1471 1201 1518 44

125 1539 246 1624 puniret
263 1537 386 1613 noxios,
404 1537 581 1622 ignosceret
593 1537 692 1623 lapsis
710 1549 742 1604 et
753 1541 881 1607 duceret
896 1543 930 1607 in
947 1543 1070 1609 hostem
1075 1570 1084 1624 3
1102 1569 1151 1612 re-

125 1641 288 1698 vocaretur
313 1630 442 1708 coniux,
468 1631 582 1695 rediret
603 1631 763 1717 legionum
789 1635 933 1702 alumnus
954 1661 1034 1704 neve
1056 1639 1149 1706 obses

126 1724 223 1792 Gallis
242 1725 427 1791 traderetur.
448 1725 584 1789 reditum
595 1723 792 1812 Agrippinae
809 1732 972 1797 excusavit
989 1733 1030 1798 ob
1047 1734 1150 1798 immi-

124 1831 247 1886 nentem
270 1828 397 1905 partum
419 1827 451 1882 et
471 1818 620 1897 hiemem3
642 1829 808 1887 venturum
829 1823 942 1891 filium:
965 1836 1068 1892 cetera
1087 1828 1150 1914 ipsi

125 1922 377 1999 exsequerentur.
396 1913 574 1977 discurrunt
586 1914 697 1978 mutati
710 1924 742 1980 et
756 1916 1028 1984 seditiosissimum
1041 1942 1150 2004 quem·

124 2029 181 2091 que
199 2009 325 2072 vinctos
347 2006 475 2072 trahunt
496 2006 537 2072 ad
557 2007 696 2094 legatum
717 2009 850 2095 legionis
871 2011 991 2095 primae
1010 2011 1048 2078 C.
1068 2013 1150 2078 Cae-

124 2103 267 2178 tronium,
282 2101 338 2185 qui
350 2101 500 2166 iudicium
514 2110 669 2186 etpoenas
684 2103 723 2166 de
737 2103 869 2189 singulis
882 2105 916 2170 in
928 2104 1012 2170 hunc
1022 2107 1149 2172 modum

124 2197 276 2262 exercuit:
299 2195 424 2261 stabant
441 2216 498 2280 pro
516 2196 658 2260 contione
680 2196 821 2283 legidnes
844 2197 999 2264 destrictis
1020 2199 1148 2286 gladiis3

123 2313 192 2355 reus
209 2291 246 2354 in
264 2297 419 2376 suggestu
435 2311 493 2373 per
509 2289 668 2355 tribunum
686 2290 921 2357 ostendebatur:
941 2292 968 2358 si
984 2303 1150 2360 nocentem

123 2385 388 2462 adclamaverant,
411 2406 560 2470 praeceps
579 2386 671 2450 datus
695 2385 916 2453 trucidabatur.
944 2397 975 2454 et
992 2389 1149 2476 gaudebat

123 2479 271 2544 caedibus
294 2478 399 2556 miles,
426 2487 586 2562 tamquam
610 2489 710 2544 semet
732 2479 922 2560 absolveret,
949 2482 1150 2550 neocaesar

123 2573 262 2649 arcebat,
286 2573 412 2655 quando
429 2572 516 2638 nullo
533 2573 632 2657 ipsius
650 2573 740 2638 iussu
756 2597 855 2660 penes
873 2577 1001 2642 eosdem
1019 2578 1149 2643 saevitia

123 2665 195 2731 faeti
214 2675 248 2730 et
264 2665 382 2730 invidia
400 2675 474 2731 erat.
490 2667 589 2731 secuti
606 2668 784 2754 exemplum
796 2671 936 2735 veterani
948 2671 1033 2736 haud
1050 2673 1149 2739 multo

122 2769 192 2844 post
208 2760 243 2823 in
260 2759 406 2823 Raetiam
422 2760 596 2837 mittrmtur,
616 2763 720 2847 specie
738 2763 953 2830 defendendae
969 2765 1148 2852 provinciae

123 2853 161 2918 ob
178 2851 371 2917 imminentis
388 2851 521 2932 Suevos,
540 2864 678 2920 ceterum
691 2865 727 2921 ut
743 2857 949 2922 avellerentur
962 2859 1071 2925 eastris
1084 2868 1150 2924 tru-

124 2947 210 3012 cibus
235 2947 339 3012 adhuc
360 2970 424 3012 non
446 2948 550 3013 minus
573 2949 739 3034 asperitate
760 2951 890 3016 remedii
910 2973 1006 3034 quam
1023 2953 1149 3017 sceleris

123 3040 282 3106 memoria.
310 3042 561 3107 centurionatum·
573 3043 647 3108 inde
665 3043 744 3129 egit:
766 3043 879 3107 citatus
903 3044 944 3108 ab
961 3043 1148 3129 imperatore

122 3157 250 3212 nomen,
274 3135 430 3212 ordinem,
452 3136 599 3220 patriam,
622 3158 789 3200 numerum
807 3135 1045 3221 stipendiorum,
1068 3156 1149 3218 quae

124 3239 247 3294 strenue
268 3229 303 3292 in
328 3229 454 3313 proeliis
476 3229 618 3308 fecisset,
645 3239 677 3294 et
699 3229 751 3294 cui
772 3238 861 3293 erant
887 3229 969 3293 dona
994 3229 1148 3307 militaria,

123 3323 249 3401 edebat;
267 3322 296 3388 si
312 3321 437 3399 tribuni,
457 3324 485 3388 si
500 3323 584 3410 legio
601 3323 787 3388 industriam
803 3321 1076 3408 innocentiamque
1094 3325 1149 3389 ad-

122 3417 344 3501 probaverunt,
363 3416 516 3482 retinebat
533 3417 670 3482 ordines:
692 3417 748 3482 ubi
765 3417 926 3482 avaritiam
944 3427 999 3482 aut
1016 3419 1149 3485 crudeli-

123 3520 217 3575 tatem
235 3532 392 3576 oonsensu
409 3509 663 3588 obiectavissent,
683 3510 862 3577 solvebatur
879 3511 997 3577 militia.

184 3602 241 3669 Sic
263 3604 445 3688 compositis
462 3603 685 3690 praesentibus,
697 3605 783 3670 haud
804 3606 906 3671 minor
923 3607 1021 3672 moles
1040 3629 1148 3692 super·
1165 3623 1198 3673 rt

123 3707 185 3762 erat
203 3697 245 3763 ob
263 3698 414 3764 ferociam
426 3700 553 3783 quintae
573 3709 604 3764 et
617 3700 857 3765 unetvicesimae
870 3700 1038 3786 legionum,
1058 3722 1149 3764 sexa-

123 3791 277 3875 gesimum
299 3793 385 3876 apud
404 3791 543 3877 lapidem
560 3793 687 3858 -loco
705 3792 822 3858 Vetera
843 3815 957 3858 nomen
976 3802 1024 3857 est
1041 3829 1083 3840 -
1100 3792 1148 3856 hi·

122 3883 332 3964 bernentium3
363 3908 437 3950 nam
465 3886 559 3971 primi
590 3887 774 3952 seditionem
800 3894 1034 3970 coeptaverant3
1065 3893 1147 3950 atro-

122 3977 282 4045 cissimum
300 3980 447 4063 quodque·
465 3979 587 4048 facinus
605 3981 717 4046 borum
734 3979 878 4044 manibus
896 3988 1067 4064 patratum;
1088 4003 1146 4046 nec

122 4094 221 4156 poena
252 4073 500 4139 commilitonum
531 4075 668 4140 exterriti
698 4096 757 4140 nee
785 4074 975 4158 paenitentia
1004 4076 1146 4142 conversi

122 4165 181 4234 iras
201 4167 389 4234 retinebant.
419 4168 515 4256 igitur
538 4166 657 4234 Caesar
678 4191 778 4248 arma,
801 4169 948 4247 classem,
968 4170 1069 4237 socios
1091 4171 1146 4236 de·
