3010 4962
419 430 630 490 ANNALIUM
643 431 765 488 L113.11.
784 433 886 488 7-11.
1071 437 1074 444 ’
1121 421 1163 486 47

9 546 15 557 ·
134 527 328 678 incdofflqucd
345 613 409 657 non
427 589 573 657 subvexit
592 586 812 676 [transposuit]
835 587 966 656 militem
987 590 1113 658 dextms
1131 591 1164 656 in

135 701 235 756 terras
265 688 395 752 iturum:
426 685 470 750 ita
498 685 605 770 plures
631 683 699 749 dies
730 683 903 750 efficiendis
933 685 1081 769 pontibus
1107 686 1163 752 ab·

135 783 263 869 sumpti.
303 790 334 846 et
359 801 456 863 eques
482 779 611 862 quidem
636 799 674 844 ac
703 777 843 864 legiones
859 778 971 864 'prima
996 781 1161 859 aestuaria,

134 879 276 945 nondum
294 876 494 942 adcrescente
512 873 607 950 unda,
625 873 772 957 intrepidi
789 874 953 939 transiere:
971 883 1164 958 postremum

135 971 322 1038 auxiliorum
342 990 459 1056 agmen
476 967 653 1051 Batavique
678 967 712 1032 in
732 976 821 1053 parte
842 989 894 1046 ea,
921 968 996 1033 dum
1013 969 1164 1036 insultant

134 1065 225 1150 aquis
243 1073 405 1146 artemque
422 1061 519 1126 nandi
536 1069 706 1138 ostentent,
729 1060 844 1127 turbati
866 1072 897 1126 et
914 1062 1043 1146 quidam
1059 1063 1164 1130 hausti

135 1170 218 1226 sunt

200 1251 407 1317 ***Metanti
430 1259 532 1316 castra
557 1249 688 1316 Caesari
704 1249 965 1338 Angrivariorum
987 1252 1123 1319 defectio
1144 1279 1164 1320 a

134 1357 224 1434 tergo
241 1346 415 1411 nuntiatur:
438 1344 554 1410 missus
572 1345 644 1410 ilico
663 1343 831 1411 Stertinius
850 1368 922 1412 cnm
939 1348 1043 1432 equite
1066 1357 1097 1413 et
1114 1371 1163 1414 ar-

134 1451 259 1507 matura
274 1440 347 1518 levi,
365 1441 442 1526 igne
460 1449 492 1503 et
509 1439 657 1505 caedibus
674 1440 839 1525 perfidiam
856 1441 940 1507 ultus
958 1453 1016 1508 est.

198 1535 335 1600 Flunmn
351 1533 499 1619 Visurgis
517 1533 678 1600 Romanos
692 1533 933 1620 Chenrscosque
949 1537 1161 1618 interfluebat;
1181 1562 1195 1610 9

135 1629 203 1694 eius
233 1629 266 1692 in
291 1629 369 1713 ripa,
389 1649 462 1692 cum
488 1627 599 1692 ceteris
629 1628 817 1713 primoribus
842 1628 1006 1697 Arminius
1032 1633 1161 1710 adstitit,

134 1722 340 1807 quaesitoque
357 1745 398 1786 an
417 1719 538 1786 Caesar
554 1721 701 1800 venisset,
719 1731 887 1808 postquam
904 1724 1016 1790 adesse
1033 1748 1162 1811 respon·

134 1839 206 1882 sum
224 1825 287 1895 cst,
309 1825 344 1880 ut
360 1816 469 1880 liceret
486 1837 558 1880 cum
579 1813 675 1880 fratre
692 1817 838 1900 conloqui
860 1818 969 1883 oravit
1001 1829 1068 1884 erat
1083 1820 1111 1884 is
1128 1821 1162 1884 in

133 1911 288 1989 exercitu,
306 1917 514 1996 cognomento
530 1909 665 1986 Flavus,
689 1909 823 1996 insignis
842 1910 903 1975 fide
922 1921 954 1975 et
970 1912 1088 1978 amisso
1104 1935 1162 1998 per

134 2005 249 2069 vulnus
271 2003 362 2070 oculo
383 2003 494 2089 paucis
517 2013 589 2068 ante
615 2002 704 2069 annis
731 2004 811 2068 duce
834 2003 971 2069 Tiberio.
1002 2013 1070 2070 tum
1090 2027 1162 2090 per-

132 2099 234 2162 missu
252 2095 293 2132 *¹*
309 2118 560 2183 progressusque
579 2096 732 2162 salutatur
749 2094 789 2162 ab
797 2094 958 2174 Armini03
976 2097 1031 2180 qui
1048 2099 1161 2163 amotis

133 2191 350 2278 stipatoribus,
377 2199 413 2254 ut
430 2190 583 2277 sagittarii
604 2199 712 2254 nostra
727 2211 785 2275 pro
806 2190 874 2276 ripa
892 2190 1037 2276 dispositi
1053 2189 1162 2256 absee-

132 2287 244 2350 derent
259 2285 406 2371 postulat,
425 2294 457 2348 et
472 2294 642 2369 postquam
660 2281 804 2370 digressi,
823 2283 907 2349 unde
924 2306 962 2349 ca
979 2284 1161 2350 deformitas

133 2380 197 2444 oris
218 2379 391 2464 interrogat
411 2377 549 2444 fratrem.
580 2377 634 2443 illo
651 2376 757 2443 locum
774 2386 806 2442 et
825 2377 980 2463 proelium
996 2377 1160 2456 referente,

132 2473 292 2556 quodnam
308 2472 483 2558 praemium
499 2471 672 2557 recepisset
689 2470 837 2554 exquirit;
858 2471 978 2537 Flavus
996 2482 1089 2538 aucta
1106 2472 1161 2537 sti-

131 2566 256 2652 pendia,
275 2575 417 2650 torquem
435 2573 467 2630 et
484 2587 632 2631 coronam
649 2564 772 2648 aliaque
789 2564 935 2630 militaria
947 2567 1161 2632 dona'memo-

130 2669 195 2738 rat,
224 2659 379 2725 inridente
395 2658 541 2725 Arminio
567 2659 642 2724 vilia
668 2659 786 2724 servitii
806 2659 916 2745 pretia.
951 2661 1024 2725 exin
1045 2660 1162 2725 diversi
1180 2678 1212 2726 10

131 2754 305 2831 ordiuntur,
323 2754 375 2818 hic
391 2753 640 2840 magnitudinem
657 2752 847 2831 Romanam,
866 2776 943 2840 opes
963 2753 1110 2821 Caesaris
1129 2763 1161 2820 et

131 2847 224 2912 victis
242 2870 355 2934 graves
372 2869 501 2933 poenas,
524 2847 557 2912 in
574 2847 764 2912 deditionem
786 2848 923 2914 venienti
939 2857 1081 2934 paratam
1098 2848 1161 2913 cle-

131 2941 298 3020 mentiam3
316 2963 418 3025 neque
435 2941 602 3028 coniugem
620 2941 768 3007 etlilium
785 2941 853 3006 eius
871 2941 1025 3006 hostiliter
1036 2940 1159 3007 haberi:

131 3036 185 3100 ille
210 3037 260 3101 fas
278 3037 411 3122 patriae,
436 3034 613 3102 libertatem
630 3035 761 3113 avitam,
783 3035 952 3120 penetralis
971 3033 1160 3100 Germaniae

132 3131 226 3208 deos,
253 3139 385 3195 matrem
406 3151 535 3216 precum
558 3130 691 3207 sociam3
714 3151 754 3193 ne
770 3127 1017 3214 propinquorum
1035 3137 1066 3192 et
1083 3128 1161 3192 adfi-

131 3224 231 3300 nium,
251 3224 385 3308 denique
403 3225 506 3311 gentis
528 3246 605 3291 suae
623 3223 764 3289 desertor
781 3231 813 3287 et
833 3221 973 3308 proditor
990 3243 1085 3306 quam
1102 3221 1161 3300 im-

131 3328 258 3403 perator
274 3341 345 3384 esse
362 3319 477 3384 mallet.
500 3319 652 3405 paulatim
668 3318 742 3382 inde
764 3318 805 3382 ad
822 3317 925 3404 iurgia
940 3317 1080 3403 prolapsi
1096 3339 1160 3401 quo

131 3412 238 3478 minus
255 3435 396 3499 pugnam
417 3422 617 3478 consererent
638 3434 678 3478 ne
700 3413 828 3477 flumine
851 3412 979 3496 quidem
999 3410 1160 3478 interiecto

132 3504 373 3585 cohibebantur,
400 3507 434 3572 ni
453 3505 621 3572 Stertinius
645 3507 813 3573 adcurrens
830 3506 959 3593 plenum
976 3507 1041 3572 irae
1059 3529 1161 3572 arma-

131 3621 194 3683 que
211 3610 245 3664 et
261 3621 379 3684 equum
395 3611 581 3687 poscentem
592 3601 729 3667 Flavum
750 3601 945 3667 adtinuisset.
976 3601 1161 3667 cernebatur

132 3702 242 3759 nonna
266 3694 502 3762 minitabundus
528 3695 692 3762 Arminius
717 3696 934 3782 proeliumque
956 3695 1159 3770 denuntians3

131 3810 205 3854 nam
223 3787 373 3874 pleraque
385 3790 504 3856 Latino
522 3813 664 3857 sermone
681 3791 904 3869 interiaciebat,
922 3791 1030 3874 utqui
1042 3789 1161 3854 Roma-

131 3883 181 3947 nis
198 3883 233 3948 in
251 3884 362 3950 castris
380 3885 491 3951 ductor
507 3886 706 3973 popularium
722 3886 898 3952 meruisset.

194 3975 330 4043 Postero
348 3979 398 4045 die
418 3977 648 4047 Germanorum
670 3981 754 4046 acies
772 3990 858 4046 trans
876 3977 1041 4066 Visurgim
1064 3979 1158 4044 stetit.
1179 3993 1207 4039 11
1317 4031 1320 4038 ,

132 4069 254 4136 Caesar
274 4072 339 4136 nisi
357 4074 507 4159 pontibus
528 4075 755 4161 praesidiisque
776 4073 919 4160 inpositis
946 4073 1021 4140 dare
1041 4074 1075 4138 in
1095 4074 1160 4139 dis·

131 4164 250 4230 crimen
267 4165 407 4252 legiones
430 4168 516 4233 haud
536 4169 769 4255 imperatorium
791 4177 892 4247 ratus,
920 4168 1056 4252 equitem
1077 4170 1158 4235 vado
