3042 4956
336 457 400 523 250
684 463 869 521 CORNELII
882 461 1014 518 'PACITI

1256 564 1276 594 ι.
1286 565 1310 594 u.
1319 557 1368 596 su.

334 627 381 692 ria
403 625 556 700 crederet,
579 631 645 687 tam
666 620 748 686 levia
769 619 1018 686 consectaretur?
1044 620 1120 703 quin
1142 621 1181 685 de
1203 621 1288 686 bello
1312 632 1370 687 aut

334 742 427 809 pace,
446 719 486 784 de
503 715 708 803 vectigalibus
727 724 758 780 et
774 713 913 801 legibus,
936 712 1113 797 quibusque
1132 714 1200 780 aliis
1218 715 1371 782 Romana

335 814 546 889 continentur,
566 811 710 875 suaderet
727 808 979 874 dissuaderetve?
1000 807 1094 872 licere
1111 808 1268 893 patribus,
1287 832 1371 894 quo-

335 909 416 974 tiens
433 907 483 972 ius
501 905 651 971 dicendae
669 903 840 968 sententiae
854 902 1059 987 accepissent,
1078 923 1158 985 quae
1176 903 1294 968 vellent
1312 926 1372 968 ex-

335 1023 478 1090 promere
498 1000 742 1081 relationemque
764 998 798 1062 in
820 1020 858 1062 ea
879 997 1052 1083 postulare:
1075 1021 1116 1062 an
1138 998 1240 1066 solum
1258 1021 1371 1064 emen-

336 1097 461 1162 datione
479 1095 610 1180 dignum
627 1114 667 1157 ne
682 1091 849 1177 Syracusis
863 1090 1041 1176 spectacula
1057 1091 1175 1177 largius
1189 1093 1368 1170 ederentur,

337 1201 440 1256 cetera
456 1211 513 1274 per
530 1210 639 1252 omnes
656 1186 779 1271 imperii
800 1193 904 1271 partes
927 1185 1056 1270 perinde
1078 1186 1206 1272 egregia
1224 1208 1321 1270 quam
1340 1187 1370 1251 si

336 1307 399 1350 non
420 1283 505 1347 Nero
529 1282 585 1348 sed
608 1279 751 1345 Thrasea
770 1279 911 1366 regimen
938 1301 1045 1344 eorum
1067 1280 1203 1344 teneret?
1229 1281 1317 1364 quod
1341 1281 1370 1346 si

337 1400 460 1443 summa
477 1375 726 1441 dissimulatione
739 1371 1028 1451 transmitterentur,
1047 1374 1281 1460 quantomagis
1299 1375 1371 1439 ina-

336 1472 428 1538 nibus
456 1469 692 1536 abstinenduml
721 1469 862 1534 Thrasea
883 1477 1005 1545 contro,
1032 1468 1182 1533 rationem
1208 1469 1371 1553 poscenti·

336 1567 396 1632 bus
419 1565 541 1642 amicis,
568 1587 631 1630 non
651 1564 865 1650 praesentium
886 1564 1031 1650 ignarum
1052 1563 1262 1648 respondebat
1284 1563 1370 1628 eius·

335 1660 420 1726 modi
438 1659 581 1724 consulta
598 1659 766 1745 corrigere,
792 1660 848 1724 sed
865 1669 989 1744 patrum
1006 1659 1118 1724 honori
1135 1659 1223 1736 dare,
1246 1667 1283 1722 ut
1300 1681 1369 1724 ma-

335 1755 485 1820 nifestum
499 1753 587 1818 lieret
599 1776 784 1839 magnarum
792 1775 897 1818 rerum
912 1776 1018 1818 euram
1032 1776 1096 1818 non
1103 1752 1368 1831 dissimulaturos,

336 1849 390 1933 qui
408 1849 547 1912 animum
567 1849 660 1913 etiam
676 1847 845 1912 levissimis
864 1849 1069 1912 adverterent
1362 1841 1364 1848 ’

286 1965 319 2012 50
391 1933 524 2010 ¹Eodem
538 1965 619 2007 anno
630 1942 745 2007 crebris
754 1942 863 2028 populi
875 1941 1130 2028 flagitationibus,
1143 1942 1366 2007 inmodestiam

337 2037 574 2124 publicanorum
592 2037 765 2124 arguentis,
789 2036 945 2100 dubitavit
960 2035 1058 2114 Nero,
1082 2059 1122 2100 an
1140 2044 1252 2100 cuncta
1269 2035 1368 2100 vecti-

337 2133 421 2219 galia
435 2131 535 2196 omitti
548 2131 668 2196 iuberet
675 2131 770 2214 idque
782 2129 1024 2216 pulcherrimum
1038 2131 1153 2194 donum
1167 2129 1276 2216 generi
1285 2151 1370 2194 mor·

306 2243 308 2248 ’
337 2226 446 2290 talium
472 2226 574 2303 daret3
602 2226 657 2290 sed
681 2225 833 2310 impetum
859 2225 941 2301 eius,
968 2224 1101 2287 multum
1125 2211 1212 2308 prius
1238 2223 1369 2287 laudata

337 2319 552 2404 magnitudine
570 2319 674 2396 animi,
694 2319 847 2384 attinuere
865 2327 1034 2394 senatores,
1053 2316 1291 2381 dissolutionem
1308 2317 1368 2380 im-

336 2413 415 2498 perii
437 2412 591 2490 docendo,
616 2413 643 2477 si
664 2413 785 2477 fructus
807 2412 921 2495 quibus
944 2410 1139 2496 respublica
1161 2410 1368 2475 sustineretur

337 2506 602 2570 deminuerentur:
626 2507 741 2591 quippe
765 2507 896 2571 sublatis
918 2505 1063 2592 portoriis
1087 2527 1236 2588 sequens,
1259 2513 1296 2568 ut
1313 2505 1369 2568 tri·

337 2598 483 2663 buterum
497 2598 623 2663 abolitio
638 2601 900 2685 expostularetur3
918 2600 1083 2685 plerasque
1096 2598 1297 2685 vectigalium
1316 2621 1368 2663 so-

338 2692 464 2756 cietates
478 2716 497 2757 a
511 2692 692 2758 consulibus
702 2703 733 2757 et
741 2694 872 2759 tribunis
882 2695 982 2780 plebis
997 2695 1181 2760 constitutas
1195 2694 1259 2758 acri
1273 2694 1368 2758 etiam

338 2795 405 2850 tum
422 2787 530 2872 populi
547 2786 683 2853 Romani
704 2787 861 2867 libertate3
885 2789 1007 2871 reliqua
1026 2811 1100 2852 mox
1121 2788 1165 2852 ita
1186 2787 1314 2873 provisa
1332 2796 1383 2852 ut'

336 2879 415 2944 ratio
438 2890 624 2964 quaestuum
647 2891 678 2946 et
699 2883 870 2948 necessitas
889 2883 1112 2968 'erogationum
1134 2882 1214 2946 inter
1236 2904 1270 2946 se
1293 2903 1368 2946 con·

338 2985 493 3061 gruerent.
521 2977 739 3061 temperandas
757 2977 850 3063 plane
867 2975 1104 3062 publicanorum
1127 2975 1304 3062 cupidines,
1327 2997 1367 3039 ne

338 3091 395 3154 per
412 3079 457 3134 tot
474 3093 573 3136 annos
592 3071 659 3136 sine
682 3072 808 3154 querela
826 3071 957 3136 tolerata
974 3071 1064 3136 novis
1086 3069 1308 3136 acerbitatibus
1326 3070 1367 3134 ad

289 3187 319 3231 51
339 3165 489 3230 invidiam
506 3175 669 3231 verterent.
693 3189 767 3252 ergo
786 3166 883 3232 edixit
894 3166 1039 3252 princeps
1057 3176 1093 3230 ut
1109 3166 1196 3252 leges
1215 3164 1366 3248 cuiusque

339 3259 470 3344 publici,
494 3261 633 3326 occultae
657 3262 747 3326 adid
768 3271 907 3348 tempus,
930 3261 1210 3346 proscriberentur;
1233 3258 1366 3324 omissas

338 3353 502 3434 petitiones
525 3377 588 3418 non
610 3355 691 3420 ultra
713 3379 829 3419 annum
855 3365 1062 3433 resumerent;
1089 3355 1210 3420 Romae
1232 3365 1365 3440 praetor,

338 3465 395 3526 per
411 3445 601 3527 provincias,
625 3448 679 3528 qui
696 3470 752 3531 pro
770 3458 912 3533 praetore
934 3459 989 3514 aut
1006 3448 1134 3513 consule
1157 3456 1276 3523 essent,
1299 3447 1367 3512 iura

339 3536 489 3602 adversus
503 3538 686 3624 publicanos
701 3551 789 3606 extra
803 3544 943 3607 ordinem
956 3542 1134 3620 redderent3
1148 3540 1299 3605 militibus
1308 3540 1367 3604 im·

339 3629 475 3695 munitas
490 3642 673 3711 servaretur,
692 3634 753 3700 nisi
771 3636 804 3699 in
820 3636 964 3720 hisquae
982 3657 1063 3700 veno
1080 3643 1273 3711 exercerent3
1292 3633 1367 3697 alia-

340 3745 401 3807 que
428 3725 597 3790 admodum
623 3750 737 3811 aequa,
765 3752 847 3813 quae
872 3729 962 3795 brevi
988 3739 1125 3807 servata,
1153 3729 1227 3793 dein
1252 3727 1367 3792 frustra

340 3819 447 3886 habita
461 3832 546 3901 sunt3
564 3833 670 3888 manet
683 3833 787 3889 tamen
801 3825 928 3890 abolitio
942 3825 1201 3911 quadragesimae
1214 3824 1367 3908 quinqua-

312 3954 315 3960 ·
340 3916 555 4001 gesimaeque,
575 3927 606 3982 et
623 3939 703 4002 quae
722 3919 783 3984 alia
800 3919 1014 3985 exactionibus
1032 3919 1147 3984 illicitis
1165 3917 1293 3982 nomina
1309 3939 1366 4002 pu-

340 4009 455 4075 blicani
475 4012 666 4078 invenerant.
698 4023 869 4100 temperata
890 4015 975 4100 apud
996 4013 1220 4081 transmarinas
1241 4012 1365 4098 provin·

341 4103 406 4168 cias
419 4104 566 4170 frumenti
580 4107 755 4198 subvecti93
769 4117 801 4174 et
813 4131 853 4173 ne
867 4109 1012 4175 censibus
1026 4108 1257 4195 negotiatorum
1269 4127 1366 4170 naves

341 4196 568 4264 ascriberentur
580 4200 793 4284 tributumque
808 4224 864 4288 pro
877 4203 939 4268 illis
952 4204 1133 4290 penderent,
1152 4200 1365 4268 constitutum.
