2960 4962
310 419 373 484 142
663 425 847 485 CORNELII
862 425 992 484 TAOITI

307 589 425 675 primos
447 585 599 670 templum
622 582 708 650 urbis
730 583 852 650 Romae
875 585 1038 664 statuisse,
1060 585 1108 651 M.
1126 531 1260 654 Pisoni
1274 523 1371 654 bidui

277 755 280 760 ,
309 683 390 760 aule,
414 679 538 766 magnis
556 679 684 762 quidem
701 678 766 744 iam
781 678 891 764 populi
907 679 1045 746 Romani
1064 681 1174 761 rebus,
1196 684 1369 748 nondum

307 787 413 842 tamen
435 775 477 839 ad
503 795 662 838 summum
683 772 787 850 elatis,
815 780 918 838 stante
939 773 1042 838 adhuc
1064 774 1186 840 Punica
1207 776 1303 842 urbe
1331 788 1368 841 et

307 870 420 936 validis
442 889 499 954 per
519 865 633 934 Asiam
654 867 797 954 regibus3
820 867 914 932 simul
936 868 977 932 1..
1003 866 1126 934 Sullam
1147 878 1270 934 testem
1298 871 1367 936 ad-

306 964 463 1041 ferebant,
486 961 674 1049 gravissimo
695 961 729 1024 in
750 960 929 1026 discrimine
951 963 1106 1027 exercitus
1124 963 1166 1028 ob
1186 965 1365 1050 asperita-

307 1067 373 1123 tem
388 1057 500 1122 hiemis
519 1065 551 1120 et
566 1055 730 1146 penuriam
746 1055 859 1132 vestis,
871 1073 957 1120 'cum
973 1056 1007 1120 id
1024 1055 1196 1142 Zmyrnam
1213 1058 1249 1122 in
1271 1080 1363 1124 con-

307 1153 424 1218 tionem
445 1151 623 1216 nuntiatum
644 1149 739 1227 foret,
758 1171 875 1215 omnes
898 1150 953 1232 qui
974 1151 1141 1222 adstabant
1163 1152 1361 1218 detraxisse

307 1247 429 1332 corpori
451 1245 591 1332 tegmina
611 1244 788 1328 nostrisque
810 1243 987 1330 legionibus
1009 1246 1143 1311 misisse.
1169 1246 1216 1310 ita
1236 1247 1359 1333 rogati

307 1341 493 1408 sententiam
514 1348 619 1424 patres
643 1338 837 1423 Zmyrnaeos
859 1339 1048 1423 praetulere,
1075 1340 1260 1424 censuitque
1288 1340 1357 1405 Vi-

306 1435 377 1500 bius
395 1434 524 1498 Marsus
546 1441 582 1496 ut
599 1430 656 1496 M'.
674 1432 814 1517 Lepido,
839 1433 890 1497 eui
913 1455 951 1498 ea
972 1434 1134 1518 provincia
1154 1433 1353 1511 obvenerat,

242 1520 252 1534 ⁸
307 1550 401 1614 super
422 1549 587 1594 numerum
613 1526 784 1613 legaretur,
812 1527 867 1611 qui
889 1528 997 1614 templi
1019 1550 1126 1593 curam
1148 1528 1351 1613 susciperem

306 1633 337 1687 et
358 1623 432 1705 quia
455 1622 599 1706 Lepidus
621 1621 691 1707 ipse
717 1622 855 1708 deligere
877 1643 934 1708 per
954 1623 1141 1689 modestiam
1167 1622 1350 1700 abnuebat,

304 1715 452 1782 Valerius
469 1715 556 1802 Naso
574 1737 592 1780 e
610 1716 773 1800 praetoriis
793 1725 876 1782 sorte
893 1717 1010 1782 missus
1029 1726 1086 1782 est.

255 1831 286 1878 cr
368 1809 456 1874 Inter
480 1830 562 1892 quae
588 1810 642 1874 diu
667 1811 817 1875 meditato
842 1810 1026 1896 prolatoque
1053 1810 1178 1898 saepius
1205 1809 1347 1876 consilio

305 1903 431 1971 tandem
458 1903 578 1970 Caesar
606 1902 776 1991 [concessit]
803 1906 837 1969 in
865 1903 1086 1991 Campaniam,
1118 1905 1222 1990 specie
1248 1905 1346 1970 dedi-

306 2001 398 2066 candi
419 1999 537 2085 templa
558 2001 644 2085 apud
666 1998 811 2086 Capuam
833 1991 918 2077 Iovi,
941 2001 1026 2086 apud
1042 1999 1157 2066 Nolam
1174 2000 1342 2086 Augusto,

306 2096 363 2161 sed
380 2103 484 2160 certus
506 2095 614 2180 procul
637 2094 714 2160 urbe
731 2095 856 2181 degere.
884 2117 1013 2160 causam
1035 2094 1202 2160 abscessus
1225 2114 1342 2177 quam-

305 2213 400 2274 quam
423 2199 549 2255 secutus
571 2191 722 2274 plurimos
745 2199 908 2255 auctorum
925 2189 967 2254 ad
985 2187 1093 2254 Seiani
1115 2199 1197 2254 artes
1218 2189 1339 2266 rettuli,

304 2285 379 2366 quia
396 2292 501 2348 tamen
518 2285 614 2348 caede
636 2284 703 2348 eius
721 2293 843 2368 patrata
865 2305 922 2350 sex
943 2292 1055 2370 postea
1077 2305 1175 2350 annos
1197 2282 1267 2368 pari
1285 2304 1339 2347 se·

305 2387 388 2442 creto
407 2377 581 2454 coniunxit,
605 2378 790 2463 plerumque
808 2399 992 2465 permoveor
1011 2401 1088 2444 num
1105 2378 1146 2442 ad
1163 2377 1268 2463 ipsum
1286 2399 1338 2442 re-

303 2470 378 2535 fern’
391 2470 496 2535 verius
511 2471 559 2548 sit,
576 2470 739 2536 saevitiam
752 2494 788 2536 ac
801 2472 963 2538 libidinem
977 2494 1049 2537 oum
1061 2472 1154 2537 factis
1166 2481 1335 2556 promeret,

304 2564 380 2630 locis
406 2563 625 2628 occultantem.
657 2574 745 2629 erant
765 2567 821 2649 qui
847 2566 1063 2631 credereutin
1086 2573 1245 2631 senectute
1267 2585 1337 2630 cor·

302 2657 388 2742 poris
406 2678 532 2742 quoqne
552 2656 695 2722 habitum
715 2659 828 2743 pudori
846 2659 960 2726 fuisse:
984 2659 1099 2744 quippe
1120 2658 1166 2722 illi
1186 2679 1336 2744 praegra-

303 2750 371 2814 cilis
389 2761 420 2816 et
436 2751 569 2816 incurva
585 2752 770 2837 proceritas,
792 2754 897 2818 nudus
916 2752 1029 2838 capillo
1046 2761 1169 2830 vertex,
1190 2752 1337 2816 ulcerosa

302 2844 400 2912 facies
412 2867 456 2911 ac
472 2846 658 2932 plerumque
675 2847 934 2914 medicaminibus
953 2847 1161 2925 interstincta3
1179 2856 1212 2911 et
1227 2845 1336 2912 Rhodi

303 2949 423 3007 secreto
445 2941 544 3005 vitare
562 2951 685 3019 coetus,
707 2943 876 3007 recondere
897 2941 1074 3028 voluptates
1096 2941 1244 3006 insuerat.
1273 2950 1336 3006 na-

227 3055 242 3064 ··
302 3035 386 3100 ditur
403 3036 497 3102 etiam
514 3037 622 3102 matris
640 3037 813 3123 inpotentia
831 3046 1007 3114 excusum,
1031 3055 1126 3121 quam
1148 3036 1336 3102 dominatio-

301 3131 350 3194 nis
369 3132 486 3196 sociam
503 3131 729 3217 aspemabatur
745 3153 847 3216 neque
866 3131 1020 3216 depellere
1037 3139 1169 3216 poterat,
1187 3152 1261 3195 cum
1278 3130 1336 3194 do-

301 3223 502 3289 minationem
516 3225 618 3309 ipsam
631 3226 749 3290 donum
762 3226 830 3290 eius
845 3225 1032 3310 accepissem
1045 3247 1121 3289 nam
1135 3224 1335 3288 dubitaverat

300 3313 468 3402 Augustus
488 3313 721 3395 Germanicum,
741 3319 856 3383 sororis
873 3327 1020 3404 nepotem
1037 3327 1069 3383 et
1086 3317 1206 3382 eunetis
1223 3316 1334 3381 lauda·

300 3417 381 3482 tum,
404 3409 450 3470 rei
467 3408 630 3474 Romanae
647 3411 823 3494 imponere,
847 3413 903 3476 sed
919 3412 1066 3498 precibus
1084 3411 1191 3477 uxoris
1210 3411 1333 3476 evictus

300 3498 428 3570 Tiberio
447 3497 685 3581 Germanicum,
705 3504 771 3576 sibi
788 3505 950 3571 Tiberium
974 3507 1123 3584 adscivit,
1150 3505 1244 3589 idque
1261 3503 1334 3570 Au-

299 3602 394 3681 gusta
411 3595 633 3680 exprobrabat,
652 3599 847 3683 reposcebat.

249 3708 282 3756 58
364 3688 523 3756 Profectio
546 3699 612 3756 arto
639 3693 789 3764 comitatu
810 3694 884 3760 fnit:
910 3718 992 3762 unus
1016 3705 1141 3762 senator
1166 3696 1353 3760 consulatu·

300 3785 441 3863 functus,
469 3783 623 3854 Cocceius
645 3787 763 3866 Nerva,
791 3789 843 3854 cui
863 3789 971 3876 legum
992 3791 1118 3877 peritia3
1146 3809 1242 3874 eques
1265 3789 1333 3854 Ro-

299 3902 425 3959 manus,
448 3891 571 3966 praeter
590 3880 755 3961 Seianum,
779 3905 819 3948 ex
835 3884 1019 3950 inlustribus
1038 3884 1169 3950 Curtius
1186 3882 1315 3948 Atticus
1321 3907 1330 3961 ς

299 3976 394 4040 ceten'
415 3975 595 4043 liberalibus
619 3979 729 4045 studiis
752 3978 897 4064 praediti,
920 3980 1020 4045 ferme
1043 3978 1172 4057 Graeci,
1196 3999 1331 4062 quorum

300 4069 496 4134 sermonibus
517 4069 682 4137 levaretur.
708 4073 852 4140 ferebant
872 4074 964 4161 periti
986 4073 1182 4150 caelestium,
1205 4072 1245 4150 iia
1262 4093 1332 4136 mo-

299 4159 381 4226 tibus
410 4163 547 4228 siderum
573 4169 748 4234 excessisse
769 4169 873 4236 Roma
895 4167 1057 4236 Tiberium
1079 4178 1114 4234 ut
1139 4168 1258 4234 reditus
1285 4165 1330 4232 illi
