3020 4958
411 428 784 486 auunmunnlaxv.
802 429 922 484 47-51.
1114 419 1177 486 305

148 520 218 572 rach.
230 522 262 560 65.

146 591 290 676 publicae
309 589 450 654 sociavit.
470 596 502 652 at
519 586 648 650 Flavius
669 584 842 652 Scaevinus
862 597 893 651 et
901 585 1054 653 Afranius
1074 589 1176 672 Quin-

146 686 260 762 tianus,
279 693 411 766 uterque
430 683 577 748 senatorii
595 682 722 759 ordinis,
742 691 849 747 contra
866 682 984 747 famam
1000 686 1048 749 sui
1061 687 1175 770 princi-

146 780 232 864 pium
250 778 331 842 tanti
348 777 496 842 facinoris
515 776 725 861 capessivere3
752 800 828 841 nam
847 774 1175 846 Scaevinodissoluta

147 873 221 935 luxu
244 893 336 935 mens
363 880 395 935 et
419 870 549 956 proinde
571 870 636 933 vita
662 893 772 934 somno
794 871 956 958 languida:
985 871 1174 954 Quintianus

146 966 278 1030 mollitia
301 965 438 1050 corporis
465 963 592 1028 infamis
620 973 650 1027 et
672 987 691 1027 a
712 963 837 1029 Nerone
859 965 1011 1050 probroso
1038 968 1174 1032 carmine

145 1061 328 1124 diffamatus
347 1057 551 1124 contumelias
570 1055 669 1120 ultum
683 1057 758 1122 ibat.
779 1081 854 1144 ergo
868 1060 943 1126 dum
958 1061 1076 1126 scelera
1088 1062 1174 1146 prin
1192 1080 1225 1126 50

146 1156 239 1240 cipis,
268 1164 299 1218 et
316 1153 412 1217 tinem
430 1152 540 1218 adesse
560 1152 704 1237 imperia,
728 1153 991 1239 deligendumque
1009 1157 1063 1240 qui
1080 1157 1173 1222 fessis

146 1249 240 1314 rebus
264 1256 473 1324 succurreret,
499 1246 580 1310 inter
602 1267 636 1311 se
654 1256 708 1310 aut
730 1247 810 1311 inter
827 1249 944 1314 amicos
962 1250 1093 1328 iaciunt,
1120 1251 1175 1314 ad-

146 1363 319 1428 gregavere
344 1335 515 1405 Claudium
533 1337 754 1416 Senecionem,
783 1339 967 1406 Cervarium
993 1341 1173 1420 Proculum,

147 1435 328 1502 Vulcatium
336 1433 513 1511 Araricum,
532 1433 648 1498 lulium
662 1432 875 1522 Augurinum,
894 1435 1074 1500 Munatium
1093 1435 1174 1502 Grae

146 1541 226 1606 tum,
245 1527 421 1592 Antonium
439 1527 599 1604 Natalem,
621 1527 779 1592 Marcium
796 1527 942 1607 Festum,
966 1531 1086 1614 equites
1108 1530 1174 1597 Ro-

145 1645 255 1688 manos
261 1647 271 1700 ;
299 1620 469 1706 exquibus
490 1619 638 1698 Senecio,
662 1643 679 1684 e
697 1622 867 1708 praecipua
884 1623 1094 1689 familiaritate
1111 1625 1175 1690 Ne·

145 1717 241 1794 ronis,
270 1716 407 1802 speciem
433 1714 588 1784 amicitiae
611 1715 705 1778 etiam
728 1724 794 1780 tum
816 1718 953 1782 retinens
972 1741 1009 1783 eo
1031 1717 1173 1803 pluribus

144 1810 292 1896 periculis
311 1809 561 1886 conflictabatur;
582 1808 703 1873 Natalis
716 1808 881 1895 particeps
904 1812 945 1874 ad
963 1834 1054 1876 omne
1073 1834 1175 1877 secre-

145 1915 212 1969 tum
229 1903 341 1968 Pisoni
367 1913 445 1980 erat3
473 1901 584 1968 ceteris
611 1924 684 1987 spes
710 1925 750 1966 ex
771 1903 861 1967 novis
884 1903 977 1969 rebus
1000 1905 1172 1988 petebatur.

145 1999 285 2064 adscitae
304 2008 377 2062 sunt
395 2020 490 2083 super
500 1995 651 2062 Subrium
670 2006 701 2061 et
716 1995 903 2082 Sulpicium,
923 1999 961 2062 de
980 1997 1094 2081 quibus
1113 2009 1175 2062 ret·

145 2093 216 2169 tuli,
243 2091 393 2156 militares
416 2114 527 2156 manus
547 2089 669 2156 Gavius
694 2088 842 2155 Silvanus
866 2100 897 2154 et
920 2088 1040 2154 Statius
1063 2090 1175 2154 Proxi-

144 2210 230 2262 mus,
258 2184 375 2250 tribuni
393 2185 567 2250 cohortium
584 2185 825 2269 praetoriarum,
851 2182 1014 2248 Maximus
1034 2181 1173 2248 Scaurus

144 2291 177 2345 et
203 2279 346 2345 Venetus
372 2279 492 2343 Paulus
520 2279 717 2344 centuriones
724 2303 734 2356 3
760 2277 818 2342 sed
845 2298 1004 2342 summum
1025 2276 1121 2341 robur
1138 2277 1175 2341 in

145 2375 265 2439 Faenio
275 2373 361 2438 Rufo
378 2373 537 2458 praefecto
555 2372 728 2448 videbatur,
748 2394 842 2454 quem
860 2372 925 2435 vita
942 2371 1089 2454 famaque
1107 2371 1175 2435 lau·

145 2469 254 2532 datum
272 2489 328 2552 per
347 2467 508 2532 saevitiam
525 2466 802 2551 inpudicitiamque
820 2464 996 2552 Tigellinus
1019 2465 1053 2528 in
1070 2465 1174 2529 animo

145 2562 295 2646 principis
314 2559 452 2627 anteibat
469 2559 684 2646 fatigabatque
703 2558 972 2624 criminationibus
985 2581 1022 2624 ac
1035 2581 1128 2644 saepe
1142 2559 1175 2623 in

146 2666 266 2720 metum
284 2655 457 2719 adduxerat
474 2654 565 2738 quasi
587 2655 762 2718 adulterum
780 2653 976 2740 Agrippinae
999 2665 1031 2719 et
1052 2654 1175 2719 deside-

145 2752 191 2816 rio
211 2751 280 2816 eius
298 2749 408 2814 ultioni
425 2749 591 2816 intentum.
608 2748 704 2835 igitur
721 2747 775 2814 ubi
794 2750 962 2813 coniuratis
980 2749 1174 2834 praefectum

146 2866 272 2928 quoque
290 2843 437 2928 praetorii
454 2843 488 2907 in
509 2852 613 2927 partes
637 2843 838 2907 descendisse
861 2843 970 2906 crebro
992 2843 1091 2926 ipsius
1111 2865 1175 2907 ser-

146 2961 241 3005 mone
259 2937 343 3002 facta
360 2936 453 3012 fides,
476 2936 650 3020 promptius
668 2935 731 2998 iarn
750 2935 788 2998 de
807 2943 946 3018 tempore
965 2957 1001 2998 ae
1018 2934 1087 2999 loco
1105 2957 1176 2999 cae·

146 3034 196 3098 dis
215 3029 390 3118 agitabant3
409 3039 440 3095 et
458 3031 579 3114 cepisse
596 3031 748 3114 impetum
769 3025 902 3092 Subrius
916 3027 1034 3090 Flavus
1053 3026 1175 3090 fereba-

147 3142 199 3191 tur
224 3127 257 3190 in
284 3147 379 3197 scena
404 3135 568 3188 canentem
594 3123 753 3188 Neronem
779 3121 995 3207 adgrediendi,
1023 3129 1077 3183 aut
1103 3142 1174 3184 curn

147 3220 310 3284 abscedam
324 3219 417 3283 domo
431 3227 623 3303 pernoctem
637 3217 699 3280 huc
712 3216 786 3280 illuc
800 3224 939 3279 cursaret
951 3213 1174 3280 incustoditus:

147 3315 200 3378 hic
227 3312 350 3378 occasio
373 3312 564 3389 solitudinis,
591 3310 635 3376 ibi
657 3310 727 3396 ipsa
745 3309 934 3393 frequentia,
959 3309 1037 3372 tanti
1055 3308 1175 3373 decoris

149 3407 238 3472 testis
255 3406 474 3492 pulcherrima,
493 3407 632 3470 animum
645 3404 912 3481 extimulaverant,
931 3403 992 3468 nisi
1009 3402 1177 3489 impunita·
1223 3393 1237 3420 ’

148 3503 188 3566 tis
207 3501 322 3587 cupido
339 3501 527 3577 retinuisset,
547 3500 670 3586 magnis
690 3521 814 3585 semper
833 3499 997 3564 conatibus
1016 3499 1158 3564 adversa.

213 3594 343 3658 Interim
358 3593 576 3659 cunctantibus
590 3594 879 3679 prolatantibusque
898 3616 986 3678 spem
1004 3615 1041 3656 ac
1058 3603 1176 3656 metum
1195 3608 1224 3652 51

148 3687 317 3774 Epicharis
334 3689 499 3772 quaedam,
518 3689 671 3752 incertum
689 3709 827 3771 quonam
845 3687 941 3751 modo
957 3687 1116 3754 sciscitata
1134 3723 1176 3731 -

148 3803 251 3864 neque
268 3781 314 3846 illi
331 3791 403 3846 ante
421 3782 486 3846 ulla
502 3805 606 3845 rerum
624 3781 825 3846 honestarum
849 3802 924 3842 cura
945 3779 1107 3841 fuerat-
1126 3799 1178 3841 ac·

149 3877 282 3942 cendere
300 3887 332 3940 et
349 3898 481 3962 arguere
499 3875 690 3950 coniuratos,
718 3896 755 3938 ao
772 3883 967 3957 postremum
983 3869 1178 3934 lentitudinis

149 3993 258 4034 eorum
275 3980 419 4055 pertaesa
437 3980 468 4034 et
485 3971 518 4034 in
528 3968 703 4054 Campania
721 3989 818 4054 agens
836 3965 988 4050 primores
1003 3963 1177 4028 classiario-

149 4087 220 4129 rum
236 4064 468 4130 Misenensium
494 4062 669 4128 labefacere
692 4071 723 4126 et
745 4059 937 4125 conscientia
958 4057 1079 4143 illigare
1103 4079 1177 4121 con-

150 4159 220 4223 nisa
238 4169 287 4222 est
308 4159 363 4223 tali
384 4159 485 4224 initio:
513 4166 579 4222 erat
596 4155 773 4222 nauarchus
796 4155 827 4219 in
846 4175 884 4226 ea
906 4152 1012 4216 classe
1025 4151 1176 4218 Volusius

205 4276 276 4321 Taciti
286 4277 325 4318 ool.
337 4275 352 4318 l.
967 4262 1006 4320 20
