2960 4962
317 422 377 488 152
570 451 572 455 ·
662 425 845 484 coauunu
859 423 994 480 'sacrm
1053 429 1058 442 ·

314 590 414 658 stulae
444 583 599 672 increpuit
629 582 781 648 amicitias
807 580 990 659 muliebres,
1021 581 1148 647 Fufium
1178 517 1360 648 corisdldbb
1468 522 1469 594 l

312 684 438 767 oblique
460 678 690 768 perstringens:
713 676 740 742 is
763 675 864 762 gratia
881 673 1047 761 Augustae
1064 676 1227 753 floruerat,
1251 686 1358 762 aptus

313 775 486 844 alliciendis
517 772 704 838 feminarum
735 769 861 847 animis,
894 769 985 834 dicax
1010 769 1094 835 idem
1120 779 1152 834 et
1178 769 1358 836 Tiberium

313 870 433 938 acerbis
451 867 572 934 facetiis
585 865 718 934 inridere
732 863 851 941 solitus,
870 885 1002 948 quarum
1020 863 1104 949 apud
1120 873 1358 950 praepotentes

314 966 347 1031 in
364 965 495 1050 longum
512 959 663 1026 memoria
680 966 737 1022 est.

280 1083 295 1129 a
379 1057 527 1124 Ceterum
554 1075 653 1118 exeo
678 1060 845 1138 praerupta
871 1050 987 1116 iamet
1013 1073 1127 1137 urgens
1154 1051 1356 1130 dominati0;

312 1175 386 1219 nam
398 1148 547 1217 incolumi
559 1145 709 1234 Augusta
722 1154 786 1210 erat
800 1144 903 1209 adhuc
915 1143 1105 1231 perfugium,
1124 1144 1198 1228 quia
1211 1143 1355 1210 Tiberio

313 1249 521 1314 inveteratum
539 1265 614 1328 erga
632 1249 762 1305 matrem
784 1238 984 1322 obsequium,
1007 1260 1108 1322 neque
1128 1237 1263 1304 Seianus
1291 1261 1355 1304 au-

313 1340 409 1406 debat
426 1335 601 1404 auctoritati
613 1333 751 1420 parentis
769 1332 881 1400 antire:
900 1343 974 1397 tunc
992 1332 1077 1398 velut
1091 1332 1187 1397 frenis
1205 1331 1353 1398 exsoluti

312 1442 533 1522 proruperunt,
554 1430 733 1512 missaeque
750 1428 783 1491 iu
800 1424 1011 1514 Agrippinam
1032 1450 1070 1492 ac
1086 1427 1243 1497 Neronem
1259 1429 1353 1492 litte-

312 1549 379 1604 rae,
402 1548 481 1611 quas
499 1524 620 1610 pridem
638 1521 747 1587 allatas
767 1530 798 1585 et
816 1521 969 1586 cohibitas
986 1521 1027 1587 ab
1044 1520 1193 1608 Augusta
1210 1522 1352 1588 credidit

313 1620 441 1706 vulgus3
468 1617 554 1682 haud
579 1616 663 1680 enim
688 1614 822 1680 multum
847 1625 920 1701 post
946 1624 1078 1680 mortem
1104 1615 1172 1680 eius
1193 1615 1351 1680 recitatae

313 1722 394 1780 sunt
426 1711 524 1777 verba
547 1711 671 1775 inerant
695 1710 839 1793 quaesita
864 1710 1044 1795 asperitate:
1072 1709 1218 1775 sednon
1244 1733 1348 1786 arma,

311 1830 375 1872 non
392 1827 496 1872 rerum
513 1825 665 1870 novarum
683 1803 835 1881 studium,
859 1826 981 1870 amores
1003 1804 1151 1870 iuvenum
1170 1813 1202 1869 et
1217 1804 1349 1890 inpudi-

313 1901 418 1967 citiam
438 1899 545 1987 nepoti
567 1896 758 1974 0biectabat;
781 1897 814 1960 in
831 1890 1002 1963 aurumne
1024 1897 1058 1963 id
1078 1898 1206 1982 quidem
1223 1897 1348 1963 confin-

312 2017 387 2082 gere
404 2017 515 2072 ausus,
538 1991 753 2078 adrogantiam
771 1991 833 2056 oris
852 2000 883 2057 et
900 2001 1116 2056 contumacem
1138 1991 1278 2056 animum
1297 1991 1347 2055 in-

314 2089 449 2166 cusavit,
472 2110 589 2174 magno
613 2095 739 2152 senatus
762 2106 878 2170 pavore
896 2106 934 2150 ac
956 2083 1092 2163 silentio,
1116 2085 1216 2149 donec
1237 2084 1345 2170 pauci,

314 2185 385 2268 quis
403 2183 489 2248 nulla
507 2205 546 2248 ex
564 2182 695 2246 honesto
714 2201 786 2264 spes
805 2216 846 2226 -
865 2188 896 2243 et
912 2178 1039 2265 publica
1056 2177 1139 2246 mala
1156 2177 1291 2265 singulis
1311 2179 1345 2243 in

314 2277 510 2342 occasionem
523 2276 642 2362 gratiae
660 2273 824 2339 trahuntur
837 2309 878 2320 -
896 2282 931 2338 ut
948 2273 1115 2338 referretur
1131 2272 1343 2357 postulavere,

313 2371 547 2457 promptissimo
570 2367 664 2434 Cotta
685 2367 859 2432 Messalino
881 2389 953 2433 cum
974 2367 1072 2432 atroci
1094 2367 1257 2432 sententia
1285 2365 1344 2432 sed

314 2465 384 2530 aliis
407 2487 426 2528 a
452 2461 655 2548 primoribus,
683 2461 882 2544 maximeque
904 2485 924 2526 a
945 2461 1179 2548 magistratibus
1206 2461 1344 2547 trepida-

312 2557 419 2623 batur:
438 2555 553 2640 quippe
572 2552 733 2632 Tiberius,
757 2554 817 2618 etsi
834 2554 957 2620 infense
974 2555 1130 2632 invectus,
1154 2564 1259 2620 cetera
1275 2577 1344 2619 am-

313 2649 412 2736 bigua
428 2649 604 2732 reliquerat.

279 2767 296 2813 4
376 2743 451 2809 Fuit
472 2743 506 2807 in
528 2750 640 2807 senatu
660 2741 772 2808 Iunius
794 2741 966 2824 Rusticus,
984 2745 1195 2832 conponendis
1217 2752 1342 2830 patrum

313 2837 391 2903 actis
408 2835 548 2902 delectus
563 2859 583 2901 a
596 2833 743 2918 Caesare,
763 2859 862 2922 eoque
875 2839 1092 2905 meditationes
1111 2839 1178 2904 eius
1196 2838 1343 2924 introspi-

313 2953 384 2997 cere
402 2930 553 2996 creditusz
575 2930 602 2996 is
620 2930 709 2996 fatali
726 2933 863 3016 quodam
881 2942 969 2999 motu
986 2972 1028 2982 —
1046 2955 1149 3017 neque
1167 2932 1251 2997 enim
1269 2942 1341 2997 ante

315 3025 473 3112 specimen
491 3026 683 3092 constantiae
701 3026 829 3091 dederat
846 3065 888 3074 —
906 3049 963 3092 seu
980 3050 1078 3114 prava
1096 3027 1247 3105 sollertia,
1266 3027 1343 3092 dum

314 3121 542 3186 imminentium
563 3121 679 3186 oblitus
696 3121 815 3186 incerta
834 3129 942 3207 pavet,
966 3122 1103 3188 inserere
1121 3144 1156 3187 se
1173 3119 1343 3186 dubitanti-

314 3214 374 3281 bus
393 3238 430 3281 ac
448 3238 574 3282 monere
592 3215 735 3282 consules
753 3238 793 3281 ne
810 3216 991 3282 relationem
1004 3217 1189 3302 inciperent3
1208 3214 1343 3280 dissere-

314 3308 430 3392 batque
449 3307 595 3374 brevibus
610 3310 775 3374 momentis
794 3333 916 3376 summa
929 3311 1022 3390 verti3
1039 3333 1135 3398 posse
1152 3309 1342 3395 quandoque

314 3403 420 3463 domus
435 3397 615 3465 Germanici
628 3403 754 3466 callium
770 3404 978 3489 paenitentiae
996 3427 1057 3470 esse
1075 3404 1151 3470 seni.
1175 3402 1268 3468 simul
1286 3425 1344 3488 po-

312 3489 406 3576 pulus
429 3491 551 3576 efligies
574 3491 770 3580 Agrippinae
792 3517 829 3560 ac
850 3496 983 3563 Neronis
1005 3521 1118 3585 gerens
1141 3496 1344 3564 circumsistit

313 3583 431 3649 curiam
449 3585 623 3671 faustisque
640 3587 673 3650 in
692 3586 861 3655 Caesarem
883 3592 1039 3658 ominibus
1057 3593 1155 3658 falsas
1173 3592 1293 3656 litteras
1311 3599 1344 3654 et

312 3677 452 3765 principe
478 3679 576 3744 invito
600 3681 729 3746 exitium
751 3680 859 3749 domui
885 3686 952 3752 eius
973 3687 1093 3754 intendi
1120 3685 1272 3762 clamitat;
1298 3684 1343 3749 ita

313 3773 390 3838 nihil
407 3774 495 3840 triste
512 3771 565 3839 illo
584 3774 634 3840 die
652 3786 818 3862 patratum.
845 3779 1027 3846 ferebantur
1048 3782 1142 3847 etiam
1165 3779 1224 3846 sub
1242 3778 1343 3844 nomi·

313 3868 406 3934 nibus
425 3868 634 3937 consularium
651 3871 742 3938 fictae
763 3873 797 3938 in
815 3871 966 3940 Seianum
984 3875 1171 3952 sententiae,
1194 3893 1343 3938 exercen-

314 3961 397 4028 tibus
415 3963 574 4048 plerisque
590 3988 646 4051 per
664 3967 821 4032 occultum
834 3979 927 4052 atque
946 3990 984 4034 eo
1000 3968 1165 4055 procacius
1177 3965 1340 4033 libidinem

312 4054 517 4140 ingeniorum.
540 4060 623 4124 unde
636 4061 680 4126 illi
697 4062 744 4127 ira
760 4061 923 4129 violentior
935 4073 966 4128 et
983 4065 1128 4130 materies
1143 4059 1340 4127 criminandi:

314 4157 451 4232 spretam
470 4150 608 4218 dolorem
621 4156 770 4243 principis
784 4157 824 4224 ab
845 4169 964 4237 senatu,
984 4159 1155 4226 descivisse
1172 4157 1340 4244 populum3
