3042 4956
403 449 612 508 ANNALIUM
630 449 704 506 LlB.
719 450 800 506 XIII.
818 452 938 508 36-38.
1118 444 1183 510 243

154 557 174 597 μ.
185 545 227 584 cu.
238 545 272 584 sa.

216 611 264 676 At
287 609 459 685 Tiridates,
488 631 582 694 super
603 608 745 694 proprias
768 609 927 675 clientelas
950 633 1010 696 ope
1033 601 1235 700 Vologesias

154 706 258 772 fratris
277 705 418 780 adiutus,
436 725 501 768 non
523 702 629 768 furtim
647 703 711 769 iam
729 704 786 769 sed
803 703 907 788 palam
930 703 1011 770 bello
1029 706 1185 775 infensare

153 799 353 875 Armeniam,
373 816 515 882 quosque
532 797 613 864 fidos
630 799 721 866 nobis
739 797 879 876 rebatur,
898 800 1090 887 depopulari,
1109 815 1141 868 et
1159 807 1186 870 si

154 894 263 980 copiae
283 901 392 957 contra
403 892 599 970 ducerentur,
619 893 754 970 eludere,
773 892 897 976 hucque
916 903 947 958 et
959 894 1033 959 illuc
1051 896 1185 962 volitans

154 989 244 1074 plura
257 987 345 1051 fama
358 1009 452 1070 quam
465 1009 574 1072 pugna
591 997 755 1052 exterrere.
778 987 873 1073 igitur
887 985 1026 1053 Corbulo
1043 991 1185 1072 quaesito

155 1084 206 1147 diu
225 1080 346 1166 proelio
360 1081 476 1145 frustra
488 1080 613 1146 habitus
631 1091 663 1145 et
677 1082 820 1166 exemplo
833 1081 970 1146 hostium
988 1083 1186 1150 circumferre

155 1175 275 1240 bellum
296 1183 438 1251 coactus,
462 1175 606 1260 dispertit
622 1175 719 1253 vires,
742 1185 778 1238 ut
794 1176 890 1261 legati
911 1177 1122 1261 praefectique
1140 1179 1186 1242 di-

155 1292 265 1335 versos
287 1268 373 1333 locos
396 1268 512 1352 pariter
533 1269 730 1346 invaderent;
753 1269 846 1333 simul
867 1291 975 1356 regem
991 1270 1185 1336 Antiochum

154 1373 261 1428 monet
278 1362 437 1447 proximas
456 1362 516 1427 sibi
533 1363 746 1449 praefecturas
765 1374 884 1449 petere;
907 1389 980 1430 nam
997 1365 1186 1432 Pharasma·
1262 1383 1270 1392 “

155 1481 212 1524 nes
230 1457 395 1522 interfecto
412 1457 477 1522 filio
494 1458 680 1522 Radamisto
698 1459 789 1541 quasi
809 1459 982 1543 proditore,
1005 1483 1068 1544 quo
1090 1459 1184 1526 fidem

155 1554 187 1617 iu
204 1574 263 1616 nos
282 1559 462 1629 testaretur,
485 1561 576 1616 vetus
599 1553 750 1616 adversus
769 1549 937 1619 Armenios
956 1555 1062 1619 odium
1079 1578 1184 1641 prom-

155 1647 239 1733 ptius
255 1645 434 1723 exercebat3
453 1655 589 1729 tuncque
602 1646 737 1731 primum
751 1646 845 1711 illecti
859 1647 994 1725 Moschi,
1012 1672 1092 1735 gens
1110 1661 1182 1714 ante

155 1741 232 1806 alias
257 1739 343 1828 socia
363 1739 529 1818 Romanis,
554 1740 625 1804 avia
645 1739 815 1805 Armeniae
837 1741 1021 1807 incursavit:
1044 1743 1089 1808 ita
1110 1765 1184 1809 con·

156 1835 224 1900 silia
238 1833 371 1898 Tiridati
387 1833 421 1897 in
434 1833 621 1898 contrarium
634 1833 805 1911 vertebant,
824 1835 1028 1918 mittebatque
1046 1849 1183 1902 oratores

148 1929 208 2012 'qui
223 1951 281 1994 suo
294 1926 544 2010 Parthorumque
558 1928 684 1992 nomine
698 1929 940 2013 expostularent,
960 1951 1016 1992 cur
1032 1930 1113 1993 datis
1128 1953 1185 1992 nu-

154 2047 211 2110 per
233 2023 396 2088 obsidibus
422 2023 694 2108 redintegrataque
716 2024 866 2100 amicitia,
893 2045 974 2106 quae
996 2025 1085 2088 novis
1108 2046 1185 2106 quo-

155 2139 216 2201 que
231 2117 389 2183 beneficiis
403 2116 507 2182 locum
522 2117 664 2202 aperiret,
684 2127 789 2182 vetere
802 2116 971 2181 Armeniae
985 2117 1184 2202 possessione

155 2211 375 2296 depelleretur3
398 2210 469 2274 ideo
491 2212 631 2276 noudum
652 2212 758 2296 ipsum
779 2201 962 2296 Vologesen
983 2221 1182 2288 commotum,

155 2306 229 2389 quia
243 2327 339 2369 causa
352 2325 447 2388 quarn
461 2305 493 2368 vi
506 2327 599 2392 agere
612 2305 754 2370 mallent:
773 2305 821 2369 sin
834 2313 1026 2390 perstaretur
1041 2305 1074 2368 in
1092 2303 1183 2382 bello,

156 2420 219 2464 non
241 2399 347 2463 defore
369 2397 534 2462 Arsacidis
561 2399 707 2463 uirtutem
730 2398 950 2482 fortunamque
973 2399 1099 2485 saepius
1121 2399 1184 2463 iam

156 2493 245 2558 clade
262 2492 408 2557 Romana
430 2503 599 2577 expertam.
628 2494 724 2558 adea
747 2492 900 2572 Corbulo,
925 2494 1001 2559 satis
1025 2502 1184 2579 comperto

156 2586 338 2672 Vologesen
359 2586 534 2652 defectione
556 2586 736 2672 Hyrcaniae
758 2588 895 2664 attineri,
920 2589 1031 2653 suadet
1053 2587 1185 2652 Tiridati

154 2681 300 2767 precibus
325 2679 496 2746 Caesarem
517 2682 662 2767 aggredi:
684 2703 778 2766 posse
799 2683 844 2746 illi
865 2705 999 2768 regnum
1021 2680 1131 2748 stabile
1153 2692 1185 2745 et

154 2797 205 2840 res
223 2775 402 2839 incruentas
417 2775 606 2862 contingere,
626 2775 653 2840 si
670 2776 786 2842 omissa
800 2799 856 2862 spe
873 2775 1048 2863 longinqua
1066 2785 1098 2840 et
1116 2797 1185 2840 sera

154 2879 353 2954 praesentem
370 2869 585 2954 potioremque
605 2881 794 2953 sequeretur.

220 2962 376 3028 Placitum
394 2962 520 3041 dehinc,
540 2964 614 3047 quia
631 2962 878 3030 commeantibus
895 2963 930 3025 in
947 2962 1048 3026 vicem
1065 2962 1183 3026 nuntiis
1203 2980 1234 3027 38

154 3057 233 3122 nihil
254 3057 287 3120 in
314 3079 470 3120 summam
495 3057 583 3142 pacis
605 3055 838 3142 proficiebatur,
866 3054 1020 3138 colloquio
1046 3054 1185 3138 ipsorum

154 3163 280 3236 tempus
298 3151 464 3234 locumque
483 3151 647 3230 destinari;
665 3151 749 3216 mille
765 3149 908 3234 equitum
925 3148 1116 3233 praesidium
1131 3147 1186 3211 Ti-

156 3246 273 3310 ridates
295 3243 393 3309 affore
416 3244 476 3310 sibi
498 3245 636 3311 dicebat:
663 3254 815 3328 quantum
839 3242 1011 3308 Corbuloni
1033 3241 1185 3324 cuiusque

158 3340 280 3426 generis
298 3339 432 3404 militum
450 3340 623 3417 assisteret,
642 3362 705 3405 non
724 3349 872 3415 statuere,
892 3338 968 3402 dum
985 3336 1096 3422 positis
1114 3335 1186 3401 lori-

158 3435 202 3498 cis
221 3443 251 3497 et
270 3433 369 3520 galeis
387 3432 420 3496 iu
438 3432 552 3498 faciem
568 3432 655 3518 pacis
674 3433 839 3496 veniretur.
867 3431 1053 3514 cuicumque
1071 3440 1186 3496 morta·

158 3528 248 3605 lium,
267 3528 382 3592 nedum
401 3529 497 3592 veteri
516 3537 547 3593 et
564 3527 693 3613 provido
711 3527 792 3605 duci,
812 3527 963 3593 barbarae
980 3526 1113 3592 astutiae
1130 3548 1187 3610 pa·

158 3622 304 3686 tuissent:
322 3621 394 3684 ideo
412 3631 513 3686 artum
531 3621 603 3686 inde
621 3644 785 3686 numerum
799 3621 880 3686 liniri
898 3630 929 3686 et
947 3621 1019 3684 hinc
1036 3620 1186 3683 maiorem

158 3715 271 3791 offerri,
286 3725 322 3778 ut
335 3715 426 3780 dolus
439 3727 614 3800 pararetur3
629 3740 702 3780 nam
716 3717 813 3799 equiti
827 3716 1012 3800 sagittarum
1024 3735 1085 3776 usu
1099 3731 1188 3774 exer-

159 3809 220 3874 cito
239 3810 266 3874 si
283 3810 406 3874 detecta
424 3832 554 3894 corpora
571 3810 780 3885 obicerentur,
799 3808 875 3872 nihil
893 3807 1089 3891 profuturam
1107 3801 1187 3865 mul-

159 3902 331 3967 titudinem.
355 3903 551 3968 dissimulato
565 3913 669 3970 tamen
683 3903 850 3976 intellectu,
868 3899 983 3962 rectius
997 3897 1036 3960 de
1054 3897 1092 3959 iis
1106 3915 1187 3976 quae

159 3997 191 4060 in
207 3995 369 4080 publicum
388 3998 632 4076 consulerentur,
651 3998 725 4062 totis
744 3993 930 4059 exercitibus
949 4012 1054 4056 coram
1072 3989 1187 4054 disser-

159 4099 278 4156 taturos
295 4093 471 4177 respondit,
495 4092 660 4175 locumque
679 4089 795 4174 delegit
813 4086 902 4150 cuius
919 4107 992 4170 pars
1010 4083 1108 4148 altera
1125 4083 1188 4147 col-

160 4183 204 4248 les
223 4195 312 4249 erant
329 4186 498 4253 clementer
515 4188 720 4271 adsurgentes
742 4180 931 4266 accipiendis
949 4179 1089 4265 peditum
1106 4177 1189 4244 ordi-

957 4286 1017 4348 16*
