3042 4956
342 421 406 488 242
691 426 874 486 CORNELII
893 425 1021 482 TACITI

1262 527 1282 557 a.
1293 529 1316 558 u.
1326 520 1375 560 ⁸11.

343 613 437 674 quarn
456 596 564 654 contra
581 585 744 672 perfidiam
765 584 903 650 hostium
922 595 1000 649 erat:
1024 585 1140 670 quippe
1160 583 1253 670 Syria
1271 596 1376 651 trans-

341 693 445 750 motae
470 681 624 768 legiones,
651 701 729 765 pace
750 678 845 765 longa
872 699 998 765 segnes,
1027 679 1134 743 munia
1155 679 1375 745 Romanorum

341 777 514 866 aegerrime
527 773 718 858 tolerabant.
747 774 822 838 satis
845 771 983 838 constitit
1004 773 1103 838 fuisse
1121 774 1154 838 in
1172 796 1209 838 eo
1232 775 1375 838 exercitu

340 883 519 948 veteranos,
543 869 597 953 qui
619 891 682 934 non
702 868 880 945 stationem,
903 890 966 932 non
988 867 1112 953 vigilias
1135 867 1281 945 inissent,
1305 869 1375 932 val-

341 968 407 1032 lum
428 966 610 1048 fossamque
632 963 723 1046 quasi
746 984 829 1027 nova
847 971 878 1026 et
894 947 974 1026 mira
994 963 1145 1038 viserent,
1170 961 1236 1026 sine
1258 962 1373 1047 galeis,

342 1062 408 1126 sine
431 1059 548 1135 loricis,
576 1057 667 1121 nitidi
689 1065 720 1120 et
741 1056 936 1139 quaestuosi,
964 1054 1075 1119 militia
1100 1077 1156 1140 per
1177 1055 1293 1140 oppida
1316 1078 1374 1121 ex-

340 1155 434 1240 pleta.
456 1153 552 1238 igitur
564 1149 702 1216 dimissis
716 1149 829 1234 quibus
849 1159 993 1214 senectus
1012 1160 1066 1213 aut
1079 1149 1219 1214 valitudo
1236 1150 1374 1215 adversa

341 1259 419 1325 erat,
444 1245 694 1332 supplementum
716 1243 835 1328 petivit.
864 1252 895 1307 et
912 1242 1010 1307 habiti
1032 1264 1088 1327 per
1107 1239 1265 1308 Galatiam
1284 1242 1373 1329 Cap-

340 1341 566 1428 padociamque
584 1339 729 1414 dilectus,
749 1337 931 1420 adiectaque
950 1359 990 1401 ex
1008 1333 1179 1402 Germania
1195 1337 1279 1423 legio
1297 1360 1373 1402 eum

339 1434 496 1518 equitibus
514 1433 618 1497 alariis
636 1441 667 1495 et
684 1431 824 1517 peditatu
842 1431 1029 1508 cohortium3
1047 1441 1248 1514 retentusque
1267 1432 1371 1498 omnis

339 1528 493 1592 exercitus
512 1525 571 1590 sub
589 1525 738 1611 pellibus,
762 1525 906 1608 quamvis
924 1524 1027 1589 hieme
1050 1547 1145 1589 saeva
1162 1526 1241 1589 adeo
1259 1536 1295 1589 ut
1314 1525 1372 1590 ob·

338 1623 432 1687 dueta
449 1621 549 1706 glacie
567 1619 629 1685 nisi
646 1619 764 1683 effossa
780 1617 895 1684 humus
918 1618 1057 1684 tentoriis
1076 1619 1179 1682 locum
1199 1641 1261 1683 non
1279 1639 1372 1704 prae-

337 1715 439 1792 beret3
458 1711 594 1778 ambusti
607 1713 776 1777 multorum
790 1722 876 1776 artus
895 1712 927 1778 vi
940 1712 1074 1798 frigoris,
1094 1722 1124 1776 et
1142 1713 1271 1796 quidam
1288 1714 1372 1778 inter

337 1807 486 1873 excubias
505 1807 673 1873 exanimati
691 1817 778 1885 sunt3
801 1807 1030 1889 adnotatusque
1048 1806 1151 1884 miles,
1175 1807 1230 1890 qui
1247 1806 1370 1871 fascem
1421 1875 1432 1894 ⁶

337 1901 493 1989 lignorum
511 1901 664 1988 gestabat,
683 1901 727 1965 ita
742 1900 953 1986 praeriguisse
966 1922 1078 1964 manus
1096 1910 1132 1964 ut
1149 1901 1235 1965 oneri
1253 1901 1371 1965 adhae-

337 2005 440 2062 rentes
459 1995 575 2060 truneis
597 1993 732 2060 brachiis
756 1993 943 2060 deciderent.
971 1994 1038 2078 ipse
1062 1994 1148 2058 cultu
1164 1994 1240 2071 levi,
1265 1993 1369 2078 eapite

337 2091 467 2168 intecto,
491 2091 524 2154 in
542 2090 680 2176 agmine,
702 2090 737 2152 in
754 2086 912 2153 laboribus
931 2087 1078 2170 frequens
1097 2090 1222 2165 adesse,
1241 2088 1370 2154 laudem

340 2186 483 2262 strenuis,
504 2184 650 2250 solatium
663 2183 817 2259 invalidis,
837 2182 1015 2266 exemplum
1029 2181 1173 2248 omnibus
1187 2183 1369 2260 ostendere;

338 2278 452 2344 dehine
478 2279 552 2361 quia
578 2278 723 2342 duritiam
750 2275 828 2342 caeli
853 2274 1045 2358 militiaeque
1071 2275 1161 2340 multi
1186 2275 1369 2341 abnuebant

337 2370 597 2454 deserebantque,
624 2371 798 2436 remedium
824 2370 988 2434 severitate
1015 2371 1191 2453 quaesitum
1217 2378 1281 2448 est3
1308 2393 1369 2436 nec

337 2465 430 2542 enim,
448 2466 533 2529 utin
552 2465 620 2529 aliia
635 2463 832 2541 exercitibus,
852 2463 987 2548 primum
1005 2464 1197 2548 alterumque
1216 2465 1368 2530 delictum

335 2558 428 2622 venia
444 2557 704 2643 prosequebatur,
728 2559 785 2623 sed
803 2559 857 2641 qui
875 2558 966 2644 signa
986 2559 1166 2644 reliquerat,
1191 2560 1297 2624 statim
1315 2581 1369 2625 ea-

335 2652 399 2737 pite
417 2673 534 2737 poenas
552 2651 667 2729 luebat,
687 2653 782 2736 idque
800 2675 861 2717 usu
880 2653 1054 2718 salubre‘et
1070 2654 1283 2722 misericordia
1301 2677 1369 2720 me·

336 2747 396 2810 lius
415 2747 572 2832 apparuit:
591 2746 707 2832 quippe
720 2748 885 2833 pauciores
899 2748 952 2812 illa
966 2757 1068 2813 eastra
1086 2749 1251 2813 deseruere
1269 2771 1367 2833 quam

337 2864 374 2906 ea
392 2842 557 2926 inquibus
576 2837 807 2929 ignoscebatur.

285 2956 317 3005 36
399 2937 529 3002 Interim
549 2935 687 3002 Corbulo
705 2937 881 3024 legionibus
899 2937 980 3002 intra
998 2935 1100 3003 castra
1114 2937 1245 3026 habitis,
1264 2939 1368 3004 donec

336 3053 391 3096 ver
406 3032 608 3109 adolesceret,
628 3031 850 3119 dispositisque
868 3053 924 3116 per
936 3032 1065 3098 idoneos
1083 3033 1169 3098 locos
1184 3032 1367 3098 cohortibus

336 3126 520 3204 auxiliariis,
543 3149 583 3191 ne
601 3149 741 3213 pugnam
758 3127 877 3211 priores
896 3126 1046 3191 auderent
1067 3127 1232 3212 praedicit3
1256 3149 1367 3192 curam

335 3221 561 3304 praesidiorum
582 3219 698 3285 Paccio
717 3219 834 3297 Orfito,
857 3221 949 3306 primi
970 3221 1026 3306 pili
1047 3220 1165 3286 honore
1186 3221 1365 3306 perfuncto,

335 3314 471 3376 mandat.
494 3314 522 3377 is
536 3335 726 3396 quamquam
739 3315 881 3379 incautos
895 3313 1045 3381 barbaros
1060 3325 1092 3380 et
1109 3315 1188 3381 bene
1206 3316 1366 3402 gerendae

333 3403 379 3464 rei
397 3425 505 3466 casum
523 3406 627 3468 offerri
646 3407 826 3491 scripserat,
850 3417 954 3472 tenere
972 3431 1007 3473 se
1030 3409 1230 3474 munimentis
1249 3419 1280 3473 et
1297 3433 1367 3474 ma-

333 3495 415 3559 iores
434 3497 539 3581 copias
558 3499 691 3580 opperiri
705 3499 842 3576 iubetur3
862 3502 919 3565 sed
932 3511 1023 3588 rupto
1036 3503 1176 3589 imperio,
1194 3511 1367 3589 postquam

333 3610 452 3674 paucae
470 3612 485 3654 e
501 3590 651 3676 proximis
669 3592 807 3657 castellis
820 3603 940 3660 turmae
958 3598 1148 3662 advenerant
1161 3619 1365 3683 pugnamque

332 3685 488 3770 imperitia
509 3685 695 3771 poscebant,
722 3707 911 3773 congressus
939 3710 1011 3754 cum
1037 3690 1127 3756 hoste
1149 3691 1304 3768 funditur,
1333 3701 1366 3756 et

334 3781 448 3846 damno
470 3781 538 3845 eius
557 3781 694 3847 exterriti
716 3782 770 3865 qui
793 3781 969 3851 subsidirun
990 3785 1073 3850 ferre
1094 3783 1280 3861 debuerant,
1306 3807 1365 3850 sua

333 3874 466 3959 quisque
484 3876 517 3942 in
535 3884 638 3942 castra
654 3877 776 3963 trepida
788 3877 865 3963 fuga
877 3879 1006 3944 rediere.
1030 3879 1114 3962 quod
1132 3879 1269 3964 graviter
1283 3877 1365 3944 Cor-

333 3967 407 4034 bulo
425 3971 546 4056 accepit
562 3971 810 4057 increpitumque
822 3971 973 4036 Paccium
991 3982 1023 4037 et
1039 3973 1214 4058 praefectos
1232 3972 1365 4036 milites-

333 4084 393 4143 que
411 4065 538 4129 tendere
557 4081 645 4131 extra
662 4067 779 4136 vallum
801 4067 906 4146 iussit3
929 4067 1023 4150 inque
1046 4089 1084 4132 ea
1101 4066 1289 4132 contumelia
1307 4067 1365 4132 de-

333 4156 409 4218 tenti
427 4179 485 4220 nec
502 4158 563 4221 nisi
581 4160 726 4242 precibus
744 4162 882 4227 universi
900 4162 1054 4227 exercitus
1073 4161 1207 4227 exsoluti
1225 4171 1309 4226 sunt.
