2960 4962
387 446 595 505 ANNALIUM
612 446 687 501 LIB.
701 447 750 503 [v.
769 449 888 504 28-32.
1087 437 1149 503 129

115 555 138 593 p.
149 541 197 583 οι.
209 542 243 581 ιι.

116 634 189 675 cum
212 606 317 693 Gyaro
339 614 395 670 ant
411 605 547 670 Donusa
569 603 778 670 claudendum
799 617 952 684 censeret,
974 607 1010 672 id
1025 599 1149 692 quoque

115 711 307 788 aspernatus
326 708 390 777 est,
408 721 542 784 egenam
560 720 660 781 aquae
677 708 841 782 utramque
858 700 994 765 insulam
1011 701 1148 767 reserens

116 796 307 878 dandosque
328 794 413 857 vitae
430 814 507 856 usus
530 792 582 856 cui
602 791 667 856 vita
689 793 923 858 concederetur:
945 794 990 858 ita
1012 792 1149 860 Serenus

115 890 300 974 Amorgum
317 895 501 971 reportatur.
525 894 556 949 et
573 886 646 969 quia
665 883 824 951 Cornutus
843 908 901 951 sua
917 909 1013 952 manu
1030 888 1151 952 cecide-

115 992 181 1060 rat,
213 991 315 1046 actum
341 981 382 1044 de
407 978 554 1065 praemiis
581 987 797 1044 accusatorum
823 979 999 1058 abolendis,
1027 981 1149 1064 siquis

115 1075 293 1140 maiestatis
311 1074 487 1159 postulatus
505 1073 763 1157 anteperfectum
781 1074 931 1140 iudicium
950 1096 983 1139 se
1001 1075 1070 1158 ipse
1086 1074 1151 1138 vita

116 1169 323 1254 privavisset,
349 1166 514 1250 ibaturque
531 1166 565 1230 in
582 1187 651 1230 eam
670 1167 868 1245 sententiam,
894 1168 929 1231 ni
950 1168 1059 1232 durius
1077 1186 1151 1232 con-

116 1277 232 1347 traque
253 1285 373 1328 morem
397 1283 489 1326 suum
510 1260 614 1345 palam
635 1283 693 1346 pro
715 1262 948 1328 accusatoribus
968 1261 1087 1328 Caesar
1103 1262 1151 1326 in-

117 1358 200 1422 ritas
217 1357 318 1442 leges,
341 1353 584 1440 rempublicam
605 1355 638 1418 in
654 1354 817 1440 praecipiti
839 1365 1030 1440 conquestus
1051 1364 1149 1421 esset:

117 1450 339 1515 subverterent
351 1449 455 1534 potius
473 1448 542 1512 iura
559 1469 653 1530 quam
668 1450 813 1514 custodes
832 1471 940 1515 eorum
957 1457 1146 1514 amoverent.

119 1544 166 1608 sic
185 1543 354 1618 delatores,
377 1563 478 1628 genus
500 1540 661 1606 hominum
683 1541 809 1626 publico
831 1544 925 1609 exitio
941 1552 1099 1629 repertum
1117 1551 1149 1606 et

118 1659 156 1701 ae
173 1637 286 1722 poenis
303 1635 431 1719 quidem
454 1656 603 1718 umquam
626 1635 702 1700 satis
724 1629 905 1716 coercitum,
932 1659 989 1724 per
1010 1635 1149 1723 praemia

120 1729 335 1796 eliciebantur.
730 1753 736 1763 ·

184 1823 246 1890 His
260 1833 328 1888 tam
341 1823 480 1888 adsiduis
494 1831 620 1906 tamque
634 1824 761 1889 maestis
773 1826 897 1892 modica
908 1825 1025 1891 laetitia
1041 1823 1149 1890 interi·
1167 1843 1197 1891 ar

118 1917 213 1994 eitrrr,
231 1915 376 2001 quode.
395 1915 589 1994 Cominium,
607 1917 941 2000 equitemRomanum,
955 1918 1124 2004 probrosi
1116 1940 1149 1980 ιιι

121 2033 155 2076 se
174 2010 322 2076 carminis
341 2003 533 2089 convictum,
553 2006 673 2076 Caesar
688 2011 834 2095 precibus
852 2012 968 2088 fratris,
986 2012 1042 2094 qui
1059 2033 1150 2074 sena·

120 2113 169 2169 tor
187 2114 266 2182 erat,
290 2104 455 2170 concessit.
481 2126 543 2187 quo
561 2104 663 2191 magis
686 2104 800 2168 mirum
821 2103 996 2170 habebatur
1016 2125 1149 2213 gnarum

120 2199 298 2276 meliorum,
322 2208 354 2263 et
371 2219 452 2282 quae
469 2197 555 2262 fama
577 2197 774 2262 clementiam
797 2206 992 2281 sequeretur,
1015 2195 1150 2261 tristiora

121 2293 227 2370 malle3
254 2312 358 2375 neque
381 2292 464 2355 enim
486 2291 628 2356 socordia
648 2290 814 2376 peccabat,
841 2313 901 2357 nec
922 2291 1079 2356 occultum
1101 2299 1148 2355 est

121 2387 246 2472 quando
263 2407 305 2450 ex
327 2386 470 2463 veritate,
497 2385 623 2494 quando
649 2384 834 2450 adumbrata
855 2375 973 2450 laetitia
989 2385 1100 2450 facta
1090 2407 1149 2449 ιιιι-

121 2491 299 2563 peratorum
317 2480 525 2546 celebrentur·
543 2480 620 2564 quin
636 2480 705 2564 ipse
719 2482 900 2566 conpositus
919 2481 995 2546 alias
1014 2489 1046 2546 et
1062 2480 1149 2545 velut

122 2573 324 2640 eluctantium
341 2573 523 2651 verborum,
541 2573 674 2638 solutius
691 2575 928 2660 promptiusque
945 2573 1149 2659 eloquebatur

121 2668 263 2748 quotiens
282 2667 472 2733 subveniret.
495 2677 528 2731 at
544 2665 582 2731 P.
600 2665 756 2746 Suillium,
774 2679 972 2752 quaestorem
989 2668 1148 2780 quondam

124 2757 317 2838 Germanici,
344 2783 416 2826 cum
441 2760 536 2827 Italia
556 2773 712 2830 arceretur
734 2766 899 2834 convictus
919 2765 1085 2850 pecuniam
1107 2763 1148 2828 ob

121 2875 184 2948 rem
201 2855 403 2920 iudicandam
425 2857 561 2941 cepisse,
584 2859 819 2922 amovendum
809 2883 843 2924 ιιι
860 2860 995 2924 insulam
1017 2857 1147 2931 censuit,

123 2933 206 3014 tadta
227 2950 426 3014 contentione
448 2950 544 3014 animi
561 2953 625 3014 ut
613 2972 681 3030 aare
701 2951 833 3016 iurando
855 2951 1063 3035 obstringeret
1080 2971 1098 3013 e
1115 2969 1149 3011 re

122 3041 245 3148 publica
260 3043 296 3106 id
313 3063 397 3120 esse;
421 3044 505 3126 quod
523 3065 632 3128 aspere
650 3053 814 3128 acceptum
832 3045 1052 3128 adpraesens,
1074 3063 1150 3105 mox

124 3135 154 3199 ἰιι
169 3137 297 3202 laudem
309 3137 403 3201 vertit
414 3159 560 3223 regresso
574 3135 696 3214 Suillio,
716 3158 810 3219 quem
823 3136 901 3201 vidit
914 3155 1049 3219 sequens
1063 3142 1149 3198 aetas

123 3239 368 3316 praepotentem,
395 3231 539 3296 venalem
560 3240 592 3296 et
615 3229 741 3296 Claudii
765 3230 915 3316 principis
938 3227 1075 3294 amicitia
1095 3227 1150 3291 diu

123 3342 282 3410 prospere,
304 3347 477 3409 numquam
498 3325 579 3390 bene
600 3348 702 3391 usum.
731 3326 842 3390 eadem
863 3347 965 3411 poena
981 3324 1015 3388 in
1034 3321 1150 3388 Catum

123 3415 273 3482 Firmium
300 3428 476 3484 senatorem
500 3419 658 3497 statuitur,
686 3429 845 3504 tamquam
867 3420 956 3486 falsis
978 3419 1149 3485 maiestatis

124 3511 303 3576 criminibus
322 3535 460 3578 sororem
477 3513 655 3598 petivisset3
675 3512 789 3593 Catus,
808 3524 843 3580 ιιι
859 3515 972 3592 rettuli,
991 3515 1149 3580 Libonem

124 3602 273 3671 inlexerat
293 3606 431 3684 insidiis,
458 3607 571 3672 deinde
592 3608 707 3674 indicio
728 3610 916 3695 perculerat3
942 3610 1010 3674 eius
1036 3631 1149 3696 operae

122 3718 239 3764 memor
253 3698 410 3778 Tiberius,
430 3700 487 3764 sed
504 3701 566 3766 alia
581 3704 798 3786 praetendens,
818 3704 947 3769 exilium
963 3703 1148 3785 deprecatus

123 3802 181 3857 est.
200 3793 388 3876 quominus
407 3804 517 3859 senatu
534 3795 714 3880 pelleretur,
733 3820 796 3861 non
813 3796 943 3862 obstitit

180 3885 340 3972 Pleraque
363 3911 471 3956 eorum
493 3912 574 3974 quae
595 3901 655 3956 rett
643 3891 700 3956 tuli
722 3912 865 3974 quaeque
882 3889 1030 3963 referam,
1052 3909 1150 3970 parva
1168 3909 1199 3958 aa

123 3978 252 4047 forsitan
274 3993 307 4046 et
326 3982 410 4048 levia
431 3993 605 4050 memoratu
627 3985 726 4049 videri
748 4006 812 4048 non
833 3973 972 4047 nescius
983 4002 1070 4044 sum.
1093 3983 1150 4047 sed

123 4097 211 4142 nemo
238 4077 369 4144 annales
396 4089 521 4146 nostros
546 4103 618 4145 cum
645 4079 799 4163 scriptura
825 4097 932 4142 eorum
958 4084 1031 4140 cont
1018 4077 1150 4143 tenderit

123 4172 172 4254 qui
198 4174 317 4237 veteris
342 4165 452 4259 populi
473 4173 610 4239 Romani
635 4195 685 4238 res
708 4191 915 4257 conposuere3
941 4170 1080 4257 ingentia
1104 4171 1149 4237 illi

171 4287 250 4333 Taciti
259 4290 302 4333 rol.
313 4288 329 4335 1.
959 4281 977 4337 9
