3020 4958
316 463 381 530 314
670 473 854 532 CORNELII
868 471 998 530 TACITI

1239 565 1351 605 a.n.t318.

317 634 444 698 tendere
466 632 633 696 cervicem:
663 633 824 710 „utinam“-
845 631 889 696 ait
912 641 967 711 „tu
984 641 1048 696 tam
1071 630 1193 696 fortiter
1210 631 1350 698 seriasl“

317 737 349 792 et
365 727 417 792 ille
435 726 569 792 multum
586 736 722 790 tremens
741 747 813 790 cum
831 725 885 790 vix
903 724 1026 790 duobus
1044 724 1159 791 ictibus
1173 736 1269 813 caput
1282 749 1353 790 am·

317 821 505 906 putavisset,
524 820 687 886 saevitiam
704 818 789 904 apud
806 819 962 884 Neronem
980 819 1121 898 iactavit,
1145 821 1352 907 sesquiplaga

318 913 517 980 interfectum
534 937 554 978 a
571 935 606 979 se
623 914 766 1000 dicendo.
1040 913 1047 922 '

268 1027 300 1074 aa
382 1007 567 1073 Proximum
585 1009 778 1073 constantiae
795 1007 976 1092 exemplum
986 1003 1146 1092 Sulpicius
1154 1006 1263 1094 Asper
1276 1030 1351 1073 oen-

318 1104 398 1168 turio
406 1103 559 1188 praebuit,
578 1103 772 1188 percontanti
783 1101 901 1167 Neroni
914 1101 1011 1166 curin
1024 1102 1154 1166 caedem
1168 1125 1259 1168 suam
1274 1124 1352 1168 oon-

318 1198 510 1284 spiravisset,
528 1196 665 1263 breviter
681 1197 874 1283 respondens
892 1219 956 1262 non
973 1196 1063 1262 aliter
1080 1206 1126 1262 tot
1138 1197 1265 1284 flagitiis
1280 1199 1350 1264 eius

318 1292 477 1358 subveniri
493 1291 643 1380 potuisse.
670 1301 738 1356 tum
754 1293 874 1356 iussam
891 1312 1027 1377 poenam
1044 1289 1149 1356 subiit
1176 1313 1236 1356 nec
1253 1294 1351 1358 ceteri

318 1386 514 1453 centuriones
531 1387 565 1450 in
576 1387 787 1474 perpetiendis
803 1385 963 1471 suppliciis
977 1385 1220 1472 degeneravere:
1239 1397 1272 1451 at
1284 1410 1351 1451 non

317 1480 436 1546 Faenio
453 1480 539 1546 Rufo
555 1504 614 1566 par
630 1481 764 1560 animus,
784 1481 844 1546 sed'
858 1481 1095 1546 lamentationes
1110 1503 1184 1546 suas
1202 1481 1299 1546 etiam
1316 1481 1349 1545 in

318 1584 538 1639 testamentum
556 1575 695 1640 contulit.

383 1667 617 1755 Opperiebatur
632 1669 717 1734 Nero
734 1680 770 1734 ut
788 1669 940 1736 Vestinus
963 1691 1089 1754 quoque
1107 1669 1218 1735 consul
1238 1670 1272 1734 in
1290 1671 1351 1735 cri-

317 1784 390 1826 men
407 1763 589 1842 traheretur,
607 1763 780 1829 violentum
797 1773 830 1829 et
845 1764 1006 1830 infensum
1022 1773 1123 1830 ratus:
1141 1765 1199 1830 sed
1216 1788 1256 1830 ex
1274 1787 1352 1830 con-

318 1858 427 1923 iuratis
445 1858 576 1924 consilia
593 1881 665 1924 cum
674 1858 809 1924 Vestino
826 1883 891 1926 non
905 1861 1097 1925 miscuerant
1113 1859 1241 1944 quidam
1258 1871 1352 1926 vetu-

319 1952 375 2018 stis
392 1951 426 2017 in
447 1975 520 2018 eum
542 1952 768 2031 simultatibus,
793 1953 914 2039 plures,
936 1954 1012 2037 quia
1033 1953 1235 2039 praecipitem
1253 1968 1285 2018 et
1301 1955 1351 2018 in-

318 2048 500 2113 sociabilem
530 2048 708 2114 credebant.
728 2043 884 2114 ¹ceterum
909 2049 1028 2113 Neroni
1058 2049 1165 2113 odium
1195 2049 1350 2115 adversus

318 2142 487 2208 Vestinum
505 2165 545 2207 ex
557 2142 667 2207 intima
681 2143 845 2208 sodalitate
858 2153 1013 2228 coeperat,
1032 2142 1109 2206 dum
1121 2141 1174 2207 hic
1186 2143 1349 2229 ignaviam

318 2236 467 2322 principis
494 2237 618 2322 penitus
645 2237 804 2323 cognitam
829 2236 975 2323 despicit,
1001 2235 1054 2301 ille
1079 2235 1230 2301 ferociam
1255 2237 1352 2301 amici

319 2330 443 2408 metuit,
471 2353 565 2417 saepe
588 2332 707 2417 asperis
726 2330 848 2396 facetiis
870 2331 1006 2407 inlusus,
1034 2351 1115 2414 quae
1138 2330 1193 2395 ubi
1214 2331 1350 2395 multum

319 2449 359 2491 ex
376 2447 451 2492 vero
469 2435 600 2503 traxere,
628 2449 732 2492 acrem
756 2427 805 2491 sui
827 2426 1010 2495 memoriam
1031 2425 1219 2509 relinquunt.
1242 2447 1351 2492 acces-

320 2529 402 2584 serat
418 2541 531 2605 repens
554 2542 664 2597 causa,
692 2521 778 2603 quod
795 2518 947 2585 Vestinus
967 2517 1124 2585 Statiliam
1140 2518 1351 2586 Messalinam

318 2613 515 2676 matrimonio
529 2613 590 2677 sibi
601 2614 756 2690 iunxerat,
775 2613 861 2676 haud
873 2613 999 2678 nescius
1013 2614 1094 2679 inter
1107 2614 1264 2680 adulteros
1279 2615 1349 2680 eius

268 2720 299 2767 ot
318 2717 350 2770 et
376 2703 545 2770 Caesarem
572 2727 651 2771 esse.
686 2707 783 2792 igitur
808 2729 872 2771 non
899 2707 1041 2785 crimine,
1076 2731 1139 2773 non
1166 2717 1350 2774 accusatore

319 2799 485 2875 existente,
512 2799 587 2882 quia
609 2800 746 2885 speciem
768 2800 881 2866 iudicis
903 2801 1034 2867 induere
1055 2824 1118 2867 non
1144 2811 1278 2888 poterat,
1308 2805 1351 2867 ad

319 2894 384 2958 vim
410 2892 631 2959 dominationis
657 2916 828 2960 conversus
857 2893 1060 2961 Gerellanum
1090 2895 1250 2961 tribunum
1276 2917 1350 2961 cum

320 2989 444 3054 cohorte
462 2987 597 3052 militum
613 2989 742 3053 inmittit
758 2989 907 3073 iubetque
925 2991 1107 3075 praevenire
1126 3000 1255 3056 conatus
1273 3012 1351 3055 con-

320 3083 412 3162 sulis,
431 3104 584 3169 occupare
602 3084 689 3148 velut
706 3106 810 3148 arcem
828 3084 910 3160 eius,
937 3084 1112 3169 opprimere
1130 3083 1283 3150 delectam
1301 3085 1351 3149 iu-

320 3187 489 3254 ventutem,
508 3177 583 3260 quia
590 3176 742 3244 Vestinus
760 3178 958 3242 imminentes
977 3178 1046 3243 foro
1064 3179 1159 3244 aedes
1172 3178 1351 3261 decoraque

321 3272 447 3336 servitia
464 3281 495 3335 et
511 3272 580 3356 pari
597 3281 699 3336 aetate
716 3270 863 3337 habebat.
890 3281 1004 3336 cuncta
1021 3294 1059 3336 eo
1077 3271 1128 3336 die
1149 3272 1257 3336 munia
1275 3293 1351 3337 con-

321 3365 397 3428 sulis
419 3364 603 3448 impleverat
625 3366 866 3450 conviviumque
889 3365 1080 3444 celebrabat,
1107 3366 1184 3430 nihil
1205 3375 1350 3432 metuens

320 3480 360 3520 an
378 3456 605 3522 dissimulando
622 3468 722 3534 metu,
741 3480 814 3523 cum
830 3460 967 3545 ingressi
984 3459 1098 3524 milites
1116 3459 1222 3526 vocari
1239 3482 1312 3524 eum
1331 3485 1351 3524 a

321 3550 444 3616 tribuno
462 3550 578 3616 dixere.
605 3551 657 3616 ille
675 3552 752 3615 nihil
770 3553 948 3618 demoratus
972 3554 1114 3640 exsurgit
1136 3563 1167 3619 et
1183 3555 1290 3619 omnia
1307 3555 1351 3619 si-

321 3646 387 3712 mul
403 3641 622 3733 properantur:¹
639 3645 795 3712 clauditur
812 3645 967 3726 cubiculo,
985 3659 1113 3735 praesto
1130 3657 1178 3714 est
1196 3648 1348 3726 medicus,

321 3743 545 3810 abscinduntur
562 3764 675 3822 venae,
702 3742 813 3829 vigens
832 3741 935 3808 adhuc
952 3742 1065 3810 balneo
1083 3742 1229 3822 infertur,
1248 3743 1351 3808 calida

321 3862 403 3924 aqua
427 3847 594 3916 mersatur,
621 3838 707 3903 nulla
728 3837 812 3904 edita
832 3859 910 3904 voce
932 3860 996 3923 qua
1018 3849 1118 3905 semet
1139 3839 1349 3904 miseraretur.

321 3933 504 3998 circumdati
529 3933 653 3998 iuterim
679 3933 823 4001 custodia
844 3932 900 4018 qui
926 3933 1020 3998 simul
1041 3932 1266 4000 discubuerant
1290 3953 1351 3998 nec

322 4027 382 4091 nisi
396 4036 545 4113 proveeta
557 4036 648 4094 nocte
662 4028 772 4093 omissi
785 4037 868 4106 sunt,
885 4035 1054 4114 postquam
1066 4047 1215 4112 pavorem
1230 4047 1349 4102 aonam,

321 4143 361 4184 ox
378 4141 488 4186 mensa
505 4121 634 4186 exitium
653 4123 890 4208 opperientium,
909 4131 941 4187 et
957 4122 1147 4210 imaginatus
1161 4130 1194 4186 et
1210 4120 1349 4184 inridens

320 4211 404 4277 Nero
423 4213 499 4278 satis
523 4215 668 4300 supplicii
686 4215 783 4281 luisse
802 4216 845 4281 ait
862 4237 919 4301 pro
936 4217 1038 4302 epulis
1056 4213 1282 4282 consularibus.
