2958 4960
385 453 594 514 ANNALIUM
609 453 684 510 LIB.
698 455 721 512 1.
739 455 857 512 64-67.
1087 446 1130 512 35
1184 505 1187 512 .

100 563 120 602 p.
129 550 169 592 Ch.
180 551 215 592 1⁵.

99 618 206 684 terruit
224 617 301 700 dira
316 615 422 700 quies:
445 635 520 678 nam
538 611 727 696 Quintilium
744 611 865 680 Varum
883 615 1033 702 sanguine
1051 616 1131 682 obli-

97 723 162 778 tum
189 723 224 777 et
250 709 424 797 paludibus
451 730 607 774 emersum
628 729 754 773 cernere
780 718 812 773 et
836 709 944 774 audire
969 711 1056 777 visus
1083 719 1131 776 est

95 807 182 871 velut
207 813 397 882 vocantem,
423 825 487 868 non
512 812 618 868 tamen
640 802 808 868 obsecutus
826 811 856 869 et
865 826 992 868 manum
1003 799 1132 888 [in]ten-

96 899 198 964 dentis
226 897 420 984 reppulisse.
451 906 564 981 coepta
587 896 658 961 luce
678 896 795 961 missae
816 897 850 961 in
869 895 968 961 latera
991 897 1131 984 legiones

96 1003 181 1057 metu
193 1017 239 1058 an
254 991 456 1058 contumacia
467 991 572 1055 locum
585 990 759 1068 deseruere,
774 999 865 1075 capto
877 1011 1008 1075 propere
1021 1013 1132 1078 campo

95 1084 265 1151 bumentia
280 1086 376 1163 ultra3
394 1105 496 1168 neque
513 1092 619 1148 tamen
636 1081 808 1161 Arminius,
826 1105 1017 1167 quamquam
1035 1084 1133 1150 bbere

95 1178 243 1257 incursu,
272 1179 380 1244 statim
400 1175 555 1263 pmrupit‚
579 1177 636 1241 sed
653 1185 689 1241 ut
705 1177 834 1242 haesere
857 1198 953 1242 caeno
975 1177 1133 1262 fossisque

96 1273 344 1358 impedimenta,
371 1271 486 1336 turbati
511 1270 629 1334 circum
653 1271 782 1348 milites,
808 1271 944 1336 incertus
972 1271 1132 1357 signorum

97 1367 171 1432 ordo
185 1376 292 1451 utque
306 1365 361 1430 tali
378 1365 411 1429 in
424 1373 573 1449 tempore,
592 1363 654 1428 sibi
667 1364 800 1448 quisque
812 1385 965 1450 properus
983 1374 1014 1429 et
1031 1364 1133 1430 lentae

97 1459 274 1526 adversm
290 1458 423 1544 imperia
440 1480 545 1536 aures,
563 1458 741 1543 inrumpere
761 1455 936 1524 Germanos
954 1457 1050 1537 iubet,
1069 1459 1133 1524 cla·

98 1553 213 1620 mitans
235 1575 300 1633 „eu
313 1552 418 1618 Varus
437 1561 483 1617 est
496 1553 668 1636 eodemque
681 1552 795 1617 iterum
811 1551 877 1618 fato
895 1553 1017 1618 vinctae
1033 1553 1132 1640 legio-

98 1647 194 1712 nesl“
215 1646 317 1714 simul
333 1647 422 1723 haec,
441 1656 473 1711 et
489 1667 561 1710 oum
575 1645 705 1711 delectis
724 1645 837 1712 scindit
848 1668 963 1732 agmen
980 1647 1131 1731 equisque

100 1742 238 1807 maxime
258 1741 389 1806 vulnera
405 1739 531 1826 ingerit:
549 1739 595 1804 illi
612 1739 765 1825 sanguine
783 1762 841 1806 suo
859 1751 890 1806 et
906 1741 1026 1806 lubrico
1042 1741 1133 1827 palu-

100 1833 174 1900 dum
200 1836 380 1920 lapsantes·
393 1833 535 1899 excussis
556 1832 730 1898 rectoribus
756 1834 888 1898 disicere
910 1833 1033 1912 obvios,
1059 1856 1132 1919 pro·

102 1935 198 1994 terere
216 1929 369 1994 iacentes.
395 1926 549 2014 plurimus
567 1927 649 1992 circa
666 1927 787 2011 aquilas
804 1927 907 2004 labor,
932 1947 1012 2010 quae
1029 1949 1132 2010 neque

102 2019 174 2086 ferri
188 2023 363 2088 adversum
375 2020 552 2108 ingruentia
565 2021 628 2086 tela
644 2042 746 2104 neque
764 2020 819 2106 figi
837 2021 949 2085 limosa
962 2019 1058 2085 humo
1075 2041 1133 2105 po-

104 2123 211 2180 terant.
242 2114 384 2181 Caecina
405 2116 480 2180 dum
504 2123 658 2180 sustentat
675 2114 790 2192 aciem,
814 2113 952 2179 suffosso
974 2135 1056 2197 equo
1079 2114 1133 2178 de-

103 2207 210 2294 lapsus
229 2208 542 2288 circumveniebatur,
560 2210 594 2274 ni
609 2210 711 2294 prima
728 2208 812 2295 legio
830 2230 900 2274 sese
918 2208 1132 2296 opposuisset3
1228 2261 1234 2267 .

105 2301 181 2369 iuvit
197 2304 340 2370 hostium
357 2303 499 2380 aviditas,
518 2304 636 2369 omissa
653 2303 750 2368 caede
763 2303 912 2390 praedam
930 2304 1131 2381 sectantium3

107 2398 274 2483 enisaeque
301 2397 441 2484 legiones
458 2408 698 2483 vesperascente
720 2399 771 2464 die
788 2398 822 2462 in
843 2408 952 2484 aperta
969 2408 1000 2464 et
1022 2399 1131 2464 solida.

107 2513 205 2576 neque
227 2494 257 2558 is
280 2493 476 2557 miseriarum
497 2492 583 2557 finis:
612 2494 794 2558 struendum
820 2493 952 2572 vallum,
978 2495 1132 2580 petendus

109 2607 217 2673 agger3
241 2586 360 2650 amissa
376 2609 493 2672 magna
510 2608 549 2650 ex
570 2596 659 2672 parte
680 2609 737 2672 per
758 2609 839 2671 quae
861 2589 997 2674 egeritur
1017 2588 1132 2653 humus

109 2691 160 2744 aut
171 2680 328 2746 exciditur
340 2701 483 2765 caespes3
501 2702 565 2745 non
578 2681 711 2746 tentoria
723 2681 899 2766 manipulis,
919 2704 982 2747 non
994 2682 1134 2748 fomenta

111 2777 235 2841 sauciis:
258 2774 393 2840 infectos
415 2797 512 2839 caeno
534 2784 589 2840 aut
610 2797 718 2840 cruore
741 2775 828 2843 cibos
851 2776 1026 2842 dividentes
1044 2777 1135 2841 fune-

112 2877 171 2935 stas
188 2868 336 2934 tenebras
354 2877 386 2933 et
403 2877 449 2933 tot
465 2868 627 2934 hominum
640 2869 765 2935 milibus
784 2891 882 2934 unum
899 2870 963 2934 iam
979 2870 1134 2953 reliquum

112 2960 189 3028 diem
205 2961 467 3028 lamentabantur.

168 3057 266 3122 Forte
284 3077 385 3140 equus
403 3055 543 3142 abruptis
565 3057 698 3123 vinculis
721 3079 822 3142 vagus
841 3066 873 3121 et
890 3057 1025 3122 clamore
1047 3057 1136 3120 terri-
1153 3078 1186 3126 tt

113 3155 157 3214 tus
175 3151 331 3234 quosdam
350 3151 576 3216 occurrentium
590 3151 782 3217 obturbavit:
801 3159 890 3215 tanta
905 3150 979 3214 inde
996 3158 1136 3215 conster-

113 3245 191 3310 natio
212 3245 371 3329 inrupisse
395 3243 570 3315 Germanos
593 3245 800 3323 credentium,
827 3254 863 3309 ut
884 3245 989 3310 cuncti
1010 3255 1135 3310 ruerent

113 3339 149 3404 ad
168 3349 277 3425 portas
283 3364 293 3418 3
319 3361 452 3423 quarum
473 3342 646 3406 decumana
667 3341 803 3408 maxime
824 3340 1002 3428 petebatur,
1026 3359 1137 3408 aversa

113 3431 190 3498 hosti
207 3443 240 3499 et
257 3433 451 3520 fugientibus
469 3436 573 3501 tutior.
603 3435 741 3502 Caecina
758 3446 918 3522 comperto
934 3459 1048 3503 vanam
1066 3459 1136 3504 esse

114 3527 317 3606 formidinem,
337 3551 409 3594 cum
426 3539 531 3594 tamen
544 3552 647 3614 neque
660 3532 843 3598 auctoritate
860 3555 962 3616 neque
979 3532 1135 3619 precibus,

113 3645 149 3687 ne
171 3647 271 3690 manu
296 3625 424 3707 quidem
450 3624 603 3690 obsistere
630 3634 684 3689 aut
709 3626 841 3692 retinere
867 3627 999 3692 militem
1024 3627 1135 3709 quiret,

113 3717 265 3800 proiectus
287 3717 322 3782 in
342 3717 449 3783 limine
470 3727 579 3803 portae
600 3719 799 3784 miseratione
821 3721 962 3797 demum,
986 3719 1060 3802 quia
1080 3739 1137 3802 per

113 3831 220 3896 corpus
238 3811 337 3898 legati
354 3812 491 3879 eundum
509 3822 588 3890 erat,
608 3813 720 3878 clausit
736 3813 834 3892 viam3
858 3812 951 3878 simul
973 3810 1089 3876 tribuni
1106 3818 1139 3875 et

113 3906 306 3970 centuriones
334 3905 450 3971 falsum
475 3928 625 3991 pavorem
651 3929 722 3972 esse
748 3908 927 3972 docuerant.
963 3914 1038 3968 tunc
1063 3925 1138 3968 con·
1156 3925 1187 3974 er

114 4007 222 4065 tractos
240 4000 275 4064 in
292 4000 446 4085 principia
466 4001 637 4090 iussosque
656 4001 741 4066 dicta
758 4022 830 4064 cum
853 3999 974 4065 silentio
997 3998 1137 4084 accipere

26 4119 29 4200 ι
114 4095 257 4179 temporis
281 4115 320 4160 ac
345 4095 540 4160 necessitatis
562 4104 682 4162 monet:
705 4117 801 4160 unam
822 4094 856 4157 in
877 4093 971 4158 armis
994 4091 1135 4173 salutem,

27 4201 29 4212 '
115 4188 165 4252 sed
186 4211 225 4254 ea
247 4188 380 4254 consilio
407 4191 621 4274 temperanda,
645 4189 896 4273 manendumque
917 4187 999 4254 intra
1020 4187 1136 4252 vallum

923 4290 965 4355 3*
