3054 4962
422 463 629 522 ANNALIUM
646 465 720 520 LIB.
734 464 787 520 111.
802 465 922 522 63-66.
1127 455 1188 522 109

156 559 474 712 hubhqibsts'oripserat
496 621 589 706 idque
611 621 664 688 ille
682 618 866 688 credebatur
887 632 923 688 ut
939 623 1069 690 iuferius
1092 627 1189 692 maie-

157 731 237 786 state
255 719 420 805 principis,
444 717 533 802 gravi
551 725 582 780 et
600 717 796 782 dissimulata
818 717 991 784 offensione
1013 719 1187 786 abdidisse:
1253 755 1257 762 ·

157 816 301 881 sedtum
319 811 472 898 supplicia
489 809 537 874 dis
555 810 683 895 ludique
705 811 813 897 magni
830 809 870 876 ab
889 821 1001 877 senatu
1017 812 1189 879 decernun-

155 921 216 988 tur,
236 931 318 994 quos
336 907 500 993 pontifices
517 915 550 970 et
567 927 704 992 augures
717 916 749 971 et
766 906 1003 990 quindecimuiri
1021 909 1189 994 septemvi-

155 1004 199 1068 ris
218 1002 314 1068 simul
331 1011 364 1066 et
381 999 541 1066 sodalibus
559 999 791 1085 Augustalibus
810 999 946 1065 ederent.
968 1011 1133 1068 censuerat
1145 1003 1186 1068 L.

155 1096 320 1182 Apronius
343 1105 379 1158 ut
400 1093 522 1159 fetiales
549 1113 675 1177 quoque
696 1093 734 1158 iis
756 1093 839 1158 ludis
861 1094 1088 1179 praesiderent3
1115 1118 1188 1160 oon-

155 1191 284 1256 tradixit
305 1188 440 1266 Caesar,
467 1187 613 1252 distincto
641 1187 886 1252 sacerdotiorum
906 1188 973 1254 iure
996 1199 1028 1254 et
1047 1190 1187 1274 repetitis

154 1283 324 1370 exemplis:
351 1304 454 1366 neque
477 1281 561 1346 enim
582 1303 732 1365 umquam
754 1281 913 1348 fetialibus
935 1283 997 1348 hoo
1013 1284 1186 1350 maiestatis

120 1377 124 1386 ’
154 1379 255 1444 fuisse
261 1402 270 1456 ;
293 1375 365 1442 ideo
381 1373 577 1462 Augustales
596 1375 749 1452 adiectos,
773 1377 846 1460 quia
862 1378 1023 1463 proprium
1045 1378 1113 1443 eius
1131 1379 1188 1444 do-

154 1493 227 1536 mus
247 1470 457 1535 sacerdotium
475 1478 560 1534 esset
576 1490 633 1554 pro
651 1489 715 1552 qua
731 1479 805 1533 vota
823 1471 1083 1554 persolverentur.

219 1565 346 1648 Exequi
365 1564 533 1630 sententias
546 1563 632 1628 haud
649 1562 770 1628 institui
786 1564 847 1628 nisi
860 1565 999 1652 insignes
1017 1587 1074 1652 per
1090 1566 1187 1632 hone·
1205 1587 1238 1637 ss

154 1669 239 1724 stum
254 1667 308 1724 aut
321 1656 449 1722 notabili
463 1658 624 1736 dedecore,
643 1657 729 1740 quod
741 1657 943 1744 praecipuum
957 1681 1071 1726 munus
1090 1680 1187 1725 auna-

153 1751 232 1818 lium
249 1775 328 1831 reor,
347 1775 388 1816 ne
405 1751 535 1816 virtutes
555 1751 713 1829 sileantur,
732 1761 829 1836 utque
846 1753 952 1838 pravis
971 1753 1061 1818 dictis
1079 1753 1187 1820 factis-

152 1869 216 1931 que
234 1869 276 1911 ex
291 1845 473 1932 posteritate
491 1854 523 1910 et
538 1845 670 1910 infamia
687 1855 789 1910 metus
809 1847 863 1910 sit:
887 1856 1024 1911 ceterum
1046 1857 1187 1932 tempora
1293 1913 1296 1918 ,

151 1941 208 2005 illa
226 1941 305 2006 adeo
326 1941 444 2005 infecta
462 1948 494 2003 et
510 1938 688 2005 adulatione
707 1940 833 2004 sordida
854 1939 942 2005 fuere
960 1949 1076 2005 utnon
1093 1941 1186 2006 modo

142 2035 306 2121 ,primores
333 2033 483 2111 civitatis,
510 2032 625 2116 quibus
648 2033 800 2098 claritudo
823 2056 881 2098 sua
902 2033 1061 2117 obsequiis
1083 2043 1187 2119 prote-

152 2129 260 2215 genda
276 2137 353 2205 erat,
368 2127 429 2192 ¹sed
447 2149 555 2192 omnes
569 2126 761 2204 consulares,
779 2149 897 2212 magna
913 2150 987 2212 pars
1006 2149 1114 2192 eorum
1132 2128 1186 2213 qui

151 2232 301 2308 praetura
317 2222 427 2299 functi,
446 2221 599 2305 multique
617 2221 712 2285 etiam
728 2220 849 2305 pedarii
868 2230 1028 2286 senatores
1046 2221 1185 2286 certatim

152 2325 359 2402 exsurgerent
380 2315 536 2400 foedaque
554 2324 586 2379 et
607 2314 704 2379 nimia
726 2324 897 2380 censerent.
925 2316 1092 2381 memoriae
1114 2337 1186 2400 pro-

152 2411 239 2476 ditur
256 2411 432 2488 Tiberium,
456 2410 599 2495 quotiens
622 2410 708 2474 ouria
730 2410 943 2496 egrederetur,
968 2407 1098 2476 Graecis
1116 2432 1186 2474 ver-

152 2506 203 2571 bis
220 2506 255 2570 in
266 2506 352 2572 hunc
363 2507 492 2572 modum
506 2505 610 2588 eloqui
625 2505 764 2570 solitum:
785 2527 824 2584 „o
837 2505 980 2570 homines
999 2506 1039 2570 ad
1053 2505 1186 2570 servitu-

152 2610 217 2664 tem
230 2599 371 2686 paratosl
380 2605 397 2636 ‘⁴
417 2599 535 2666 scihcet
548 2599 642 2666 etiam
655 2599 753 2677 illurn,
772 2600 827 2683 qui
838 2599 1012 2666 libertatern
1025 2599 1184 2686 publicam

151 2695 258 2771 nollet,
277 2704 341 2758 tam
354 2695 510 2779 proiectae
522 2694 726 2759 servientium
742 2695 911 2779 patientiae
930 2694 1084 2760 taedebat.
1104 2717 1184 2780 pau·
1202 2713 1234 2762 66

151 2789 240 2854 latim
257 2788 372 2852 dehinc
389 2788 429 2853 ab
443 2789 598 2853 indecoris
617 2789 657 2852 ad
669 2787 786 2854 infesta
802 2788 1121 2875 transgrediebantur.
1144 2786 1182 2852 O.

153 2881 314 2960 Silanum,
336 2882 556 2967 proconsulem
573 2880 686 2960 Asiae,
709 2883 953 2967 repetundarum
975 2906 995 2948 a
1017 2882 1109 2948 sociis
1123 2904 1184 2966 po-

152 2977 314 3054 stulatum,
333 2976 514 3042 Mamercus
531 2974 670 3042 Scaurus
688 2998 706 3040 e
724 2976 951 3053 consularibus,
970 2975 1080 3040 Iunius
1096 2973 1183 3040 Otho

150 3063 286 3157 praetor,
300 3071 484 3137 Bruttedius
492 3071 591 3158 Niger
604 3071 713 3135 aedilis
728 3069 822 3134 simul
830 3070 1000 3154 corripiunt
1013 3068 1184 3134 obiectant-

151 3189 212 3250 que
239 3166 392 3232 viola'tum
413 3165 555 3254 Augusti
576 3188 707 3242 numen,
736 3173 873 3249 spretam
896 3162 1015 3229 Tiberii
1037 3163 1183 3227 maiestas

49 3323 56 3340 ,
152 3273 225 3341 tem,
245 3261 427 3327 Mamercus
442 3263 570 3347 antiqua
584 3260 728 3346 exempla
740 3260 867 3337 iaciens,
885 3260 927 3324 L.
944 3257 1070 3324 Cottam
1079 3281 1099 3322 a
1113 3255 1182 3324 Sei-

150 3358 245 3442 pione
266 3355 435 3435 Africano,
461 3355 608 3424 Servium
626 3353 764 3422 Galbam
782 3377 801 3422 a
820 3353 941 3420 Catone
964 3353 1121 3429 censorio,
1142 3351 1181 3418 P.

150 3451 307 3516 Rutilium
324 3473 344 3514 a
360 3450 408 3516 M.
429 3449 550 3517 Scauro
568 3459 747 3516 accusatos:
765 3449 910 3515 videlicet
923 3447 1032 3535 Scipio
1051 3458 1082 3513 ct
1100 3447 1182 3514 Cato

150 3546 225 3610 talia
242 3545 474 3612 ulciscebantur
490 3555 545 3611 aut
561 3545 613 3610 ille
631 3543 787 3621 Scaurus,
805 3567 900 3628 quem
917 3567 1071 3631 proavum
1089 3565 1182 3608 suum

150 3639 354 3726 obprobrium
377 3640 530 3706 maiorum
546 3639 728 3706 Mamercus
750 3639 861 3706 infami
878 3663 974 3725 opera
995 3639 1181 3704 dehonesta-

150 3731 212 3798 bat.
246 3733 339 3798 Iunio
363 3732 485 3800 Othoni
509 3734 826 3800 litterarium.ludum
848 3755 993 3799 exercere
1015 3740 1106 3796 vetus
1129 3754 1179 3796 ars

149 3825 223 3905 fuit,
243 3850 319 3892 mox
338 3825 446 3896 Seiani
462 3829 602 3914 potentia
620 3837 745 3895 senator
761 3827 896 3893 obscura
912 3826 1000 3892 initia
1016 3824 1180 3908 impuden-

149 3919 234 3986 tibus
257 3922 344 3988 ausis
371 3924 452 3988 ultro
478 3920 647 4008 polluebat.
678 3921 878 3987 Bruttedium
899 3918 1018 3984 artibus
1039 3916 1178 3982 honestis

148 4015 314 4101 copiosum
332 4025 377 4094 et,
397 4015 425 4082 si
441 4026 561 4082 rectum
578 4016 638 4081 iter
653 4024 812 4102 pergeret,
835 4013 877 4077 ad
894 4011 1066 4076 clarissima
1084 4031 1179 4094 quae-

146 4131 211 4193 que
232 4111 351 4176 iturum
376 4111 535 4176 festinatio
562 4109 797 4186 exstimulabat,
823 4108 899 4172 dum
925 4105 1078 4190 aequalis,
1105 4105 1177 4170 dein

148 4205 337 4290 superiores,
351 4215 511 4293 postremo
525 4213 664 4272 suasmet
676 4204 745 4290 ipse
759 4225 832 4290 spes
846 4201 962 4269 anteire
976 4209 1079 4287 parat3
1093 4201 1178 4288 quod
