2958 4960
386 472 592 531 ANNALIUM
610 473 684 528 LlB.
698 475 735 528 H.
753 474 871 530 22-26.
1097 463 1140 528 53

119 579 142 617 p.
153 565 198 606 Ch.
209 567 238 605 le.

117 634 317 717 absumptus,
339 631 402 696 nisi
419 652 500 714 quos
524 653 654 716 corpora
671 652 821 714 equorum
842 631 952 696 eodem
969 633 1046 699 elisa
1063 633 1140 698 tole-

116 735 272 792 raverant
298 725 366 792 sola
384 722 566 791 Germanici
586 725 719 790 triremis
738 723 939 790 Chaucorum
955 735 1069 791 terram
1085 727 1140 792 ad-

115 821 217 907 pulit3
233 841 321 904 quem
338 841 396 905 per
412 841 521 884 omnes
538 819 608 884 illos
620 819 688 884 dies
705 827 876 903 noctesque
893 820 977 904 apud
995 821 1139 905 scopulos

116 926 148 980 et
165 915 368 1001 prominentis
387 937 473 992 oras,
496 936 569 978 cum
586 935 621 980 se
642 913 720 978 tanti
742 913 828 978 exitii
849 935 937 978 reum
959 913 1139 994 clamitaret,

115 1010 173 1072 vix
201 1007 364 1074 cohibuere
390 1006 572 1091 amicique
601 1007 704 1073 minus
731 1007 842 1072 eodem
868 1007 946 1072 mari
971 1018 1139 1093 oppeteret.

116 1103 244 1166 tandem
259 1101 419 1168 relabente
432 1110 521 1166 aestu
539 1111 571 1166 et
588 1102 777 1167 secundante
795 1111 889 1166 vento
902 1101 1031 1168 claudae
1044 1124 1140 1169 naves

116 1219 189 1262 raro
204 1197 334 1283 remigio
352 1206 407 1262 aut
422 1195 550 1262 intentis
566 1195 708 1261 vestibus
726 1205 757 1261 et
778 1197 932 1280 quaedam
949 1219 969 1261 a
985 1196 1141 1262 validiori-

116 1290 178 1355 bus
197 1300 312 1356 tractae
328 1299 497 1368 revertere3
521 1311 599 1373 quas
616 1290 730 1374 raptim
745 1288 879 1355 relectas
900 1289 987 1354 misit
1002 1300 1038 1355 ut
1055 1311 1142 1356 scru-

117 1394 255 1449 tarentur
271 1384 402 1449 insulas.
425 1383 546 1448 collecti
564 1405 607 1448 ea·
623 1405 699 1449 cura
714 1383 854 1469 plerique
859 1409 868 1463 3
889 1384 1006 1450 multos
1023 1383 1141 1470 Angri-

116 1477 196 1542 varii
219 1500 319 1564 nuper
344 1479 378 1542 in
403 1477 498 1542 fidem
524 1477 644 1563 accepti
673 1478 850 1563 redemptos
877 1476 918 1543 ab
943 1477 1140 1544 interioribus

117 1572 291 1650 reddidere3
315 1571 445 1656 quidam
461 1571 495 1635 in
511 1570 706 1636 Britanniam
727 1571 808 1656 rapti
825 1581 857 1635 et
872 1571 995 1638 remissi
1012 1595 1031 1636 a
1048 1593 1141 1659 regu-

116 1664 171 1743 lis3
193 1674 228 1730 ut
243 1666 316 1749 quis
338 1687 379 1730 ex
400 1664 571 1750 longinquo
592 1673 767 1742 revenerat,
790 1664 939 1730 miracula
959 1664 1139 1730 narrabant:

118 1759 181 1823 vim
202 1759 363 1824 turbinum
381 1767 414 1823 et
429 1759 584 1824 inauditas
606 1758 764 1837 volucres,
785 1768 926 1824 monstra
946 1759 1056 1837 maris,
1074 1782 1141 1824 arn-

117 1851 226 1939 biguas
249 1853 415 1918 hominum
432 1859 463 1916 et
480 1852 641 1917 beluarum
665 1852 795 1930 formas,
817 1852 888 1918 visa
909 1853 975 1918 sive
997 1874 1037 1918 ex
1054 1862 1139 1916 metu

118 1947 240 2011 credita.

180 2038 244 2106 Sed
261 2040 349 2105 fama
367 2040 477 2106 classis
495 2041 630 2107 amissae
647 2050 682 2106 ut
696 2039 873 2106 Germanos
891 2040 933 2105 ad
950 2061 1039 2124 spem
1055 2038 1139 2116 belli,
1158 2058 1190 2107 to

117 2133 160 2197 ita
172 2133 342 2200 Caesarem
360 2134 402 2198 ad
419 2135 624 2199 coercendum
643 2135 749 2199 erexit.
774 2133 812 2199 O.
828 2132 907 2200 Silio
925 2155 997 2198 cum
1014 2132 1141 2218 triginta

116 2229 268 2310 peditum,
292 2227 393 2293 tribus
416 2229 556 2311 equitum
576 2227 703 2294 milibus
721 2229 766 2294 ire
788 2228 822 2292 in
840 2227 972 2293 Chattos
994 2226 1139 2311 imperat3

116 2321 182 2405 ipse
197 2321 370 2386 maioribus
388 2322 487 2408 copiis
500 2321 626 2388 Marsos
643 2323 806 2408 inrumpit,
825 2343 958 2406 quorum
974 2320 1041 2385 dux
1056 2319 1140 2384 Mul-

117 2414 265 2481 lovendus
280 2437 381 2501 nuper
397 2417 431 2481 in
447 2417 637 2482 deditionem
650 2426 797 2503 acceptus
814 2417 988 2502 propinquo
1000 2415 1072 2480 luco
1085 2415 1140 2480 de·

117 2507 232 2574 fossam
255 2508 414 2574 Varianae
435 2509 567 2596 legionis
589 2509 726 2594 aquilam
744 2511 876 2575 'modico
896 2509 1052 2594 praesidio
1074 2529 1140 2573 ser·

117 2603 180 2667 vari
196 2603 330 2680 indicat3
347 2603 446 2668 missa
462 2603 619 2689 extemplo
632 2625 745 2669 manus
762 2625 843 2689 quae
860 2604 983 2670 hostem
1000 2626 1021 2668 a
1036 2602 1139 2667 fronte

118 2695 251 2774 eliceret,
279 2695 332 2760 alii
353 2697 415 2780 qui,
430 2706 518 2783 terga
540 2698 758 2784 circumgressi
777 2698 973 2764 recluderent
993 2697 1138 2772 humum;

118 2799 147 2853 et
162 2790 303 2874 utrisque
321 2790 421 2854 adfuit
437 2790 571 2856 fortuna.
595 2812 632 2856 eo
650 2793 821 2879 promptior
839 2791 958 2858 Caesar
974 2791 1077 2877 pergit
1092 2790 1140 2853 in-

118 2893 247 2960 trorsus,
267 2882 447 2969 populatur,
470 2885 625 2950 exscindit
641 2907 705 2950 non
721 2909 834 2952 ausum
852 2885 1000 2971 congredi
1017 2883 1139 2949 hostem

118 2989 180 3054 aut,
204 2977 307 3042 sicubi
327 2977 496 3056 restiterat,
516 2979 625 3044 statim
637 2978 764 3064 pulsum
784 3001 843 3044 neo
859 2997 1010 3062 umquam
1027 2977 1139 3062 magis,

117 3080 149 3134 ut
165 3093 206 3135 ex
222 3069 356 3155 captivis
374 3072 535 3156 cognitum
552 3081 609 3151 est,
627 3081 807 3158 paventem:
826 3072 941 3155 quippe
958 3069 1091 3133 invictos
1109 3077 1140 3132 et

118 3164 206 3229 nullis
225 3163 353 3228 casibus
371 3164 563 3249 superabiles
576 3165 737 3231 Romanos
750 3162 981 3250 praedicabant,
999 3161 1054 3244 qui
1070 3181 1141 3246 per-

118 3256 179 3322 dita
199 3257 318 3335 classe,
342 3257 466 3322 amissis
488 3259 598 3337 armis,
620 3267 694 3345 post
715 3265 873 3324 constrata
890 3276 1041 3339 equorum
1060 3253 1140 3318 viro-

118 3371 245 3434 rumque
272 3350 454 3436 corporibus
480 3351 571 3417 litora
593 3353 704 3418 eadem
724 3352 852 3427 virtute,
879 3350 947 3436 pari
968 3348 1086 3414 ferocia
1108 3357 1140 3413 et

118 3444 198 3508 velut
215 3443 302 3508 aucti
318 3466 447 3510 numero
464 3445 664 3531 inrupissent.
776 3509 778 3514 ,

174 3537 340 3603 Reductus
358 3537 430 3602 inde
447 3539 480 3603 in
493 3538 624 3604 hiberna
636 3540 736 3618 miles,
754 3539 855 3606 laetus
872 3539 969 3605 animi
982 3538 1066 3623 quod
1083 3538 1139 3602 ad·
1156 3557 1188 3606 at

118 3650 204 3696 versa
220 3631 318 3696 maris
336 3631 532 3716 expeditione
544 3655 695 3719 prospera
706 3634 916 3720 pensavisset;
934 3631 1055 3699 addidit
1070 3653 1140 3694 mu-

118 3723 304 3790 nificentiam
326 3723 459 3803 Caesar,
482 3737 635 3810 quantum
656 3729 727 3812 quis
750 3729 856 3794 damni
876 3719 1039 3814 professus
1062 3733 1137 3799 erat,

118 3819 314 3884 exsolvendo.
336 3841 394 3884 nec
408 3819 539 3886 dubium
552 3821 726 3886 habebatur
736 3822 842 3888 labare
850 3822 957 3887 hostes
971 3815 1139 3904 petendae-

117 3929 173 3992 que
185 3913 275 3998 pacis
289 3913 419 3978 consilia
436 3936 569 3992 sumere,
588 3925 619 3980 et
632 3915 659 3980 si
671 3915 814 4000 proxima
833 3923 937 3979 aestas
955 3911 1137 3986 adiceretur,

117 4023 206 4087 posse
223 4005 343 4071 bellum
355 4008 470 4091 patrari
475 4032 484 4086 3
503 4009 560 4073 sed
577 4008 693 4075 crebris
712 4008 853 4094 epistulis
868 4005 1014 4071 Tiberius
1031 4025 1138 4067 mone·

118 4094 179 4164 bat:
195 4100 315 4164 rediret
331 4101 373 4169 ad
390 4100 548 4166 decretum
561 4101 767 4188 triumphum3
786 4102 860 4168 satis
878 4101 942 4166 iam
959 4107 1136 4175 eventuum,

118 4193 187 4258 satis
206 4215 350 4259 casuum.
373 4216 523 4280 prospera
539 4196 584 4261 illi
601 4205 633 4262 et
650 4217 765 4282 magna
781 4196 912 4281 proclia:
936 4215 1043 4259 eorum
1060 4213 1138 4277 quo-
