2966 4960
516 435 638 478 sculfus
657 436 874 516 commuto.
1140 431 1236 478 xxlx

139 554 202 618 est,
221 548 251 602 in
264 548 328 618 ipsa
341 545 518 617 praefatione
533 563 556 600 e.
565 547 591 600 3.
601 529 683 601 dicit:
700 553 787 619 negat
797 548 829 602 in
842 565 877 603 ea
890 564 1005 602 oausam
1021 545 1173 617 pestiferae
1181 563 1236 626 po·

140 635 198 670 mm
215 634 331 686 unquam
348 616 520 669 atrocioribus
536 619 632 684 populi
645 618 682 669 R.
700 616 807 672 tentiae
816 616 1023 686 positamess03
1033 616 1085 670 sed
1094 621 1237 669 oumrrota

139 685 262 740 clastibus
270 686 384 754 maybve
395 685 469 736 iustis
479 685 578 736 imisit
586 701 682 754 appro-
700 685 750 738 illa
759 685 917 738 nonminus
926 683 1039 738 exitium
1048 683 1236 738 reiltomanae

139 757 232 806 butum
244 762 293 816 est,
310 771 364 805 non
371 753 576 805 easecuruedu's
587 754 683 805 securi-
700 753 829 809 attulerit
845 769 929 823 quam
947 753 1013 805 dum
1030 751 1132 822 viguit,
1154 750 1236 831 quasi

139 831 222 874 tatem
230 831 355 884 nostrum,
369 821 562 874 esseultionem.
578 819 683 874 Infelix
701 821 813 874 divinae
826 821 886 874 irae
894 821 1107 874 instrumentum
1118 818 1236 873 Semnus

138 905 212 942 vero
222 887 363 942 etmisera
371 887 528 957 persuasio,
534 887 579 941 eui
587 895 683 942 tamen
701 889 791 944 videri
803 893 909 958 potest,
928 888 1008 941 ouius
1025 893 1055 942 et
1067 887 1194 958 potentia
1207 893 1237 942 et

138 957 263 1010 fuerunt
283 956 333 1026 qui
354 955 439 1010 fidem
461 972 520 1008 non
544 957 684 1011 haberent
701 974 769 1011 oasu
783 957 891 1026 pariter
900 957 939 1010 dii
953 957 991 1009 ad
1006 955 1172 1024 affligendos
1180 955 1236 1008 Ro·

138 1029 296 1095 propterea
305 1024 383 1094 quod
392 1030 612 1078 consentaneum
624 1041 682 1078 nou
700 1041 799 1079 manos
812 1025 857 1078 usi
875 1024 944 1091 sint3
971 1024 1055 1076 altius
1073 1039 1139 1076 vero
1151 1023 1236 1076 intro·

138 1097 223 1146 esset
244 1099 303 1145 tam
324 1091 419 1145 tristes
442 1099 472 1145 et
492 1109 593 1147 saevos
612 1094 681 1148 deos
701 1093 829 1164 spicienti
838 1097 1152 1147 verauausatantarum
1164 1091 1238 1146 aala-

138 1161 236 1229 eredi,
262 1165 296 1212 nt
319 1176 471 1229 numquam
496 1160 680 1231 benignitate,
699 1163 826 1215 mitatum
843 1162 873 1218 in
890 1161 1083 1215 Romanorum
1100 1159 1238 1228 pravitate

140 1245 256 1298 semper
269 1228 313 1282 ira
325 1233 434 1281 tautum
446 1228 477 1280 iu
485 1229 612 1284 homines
621 1237 682 1284 ute·
700 1236 730 1285 et
738 1231 839 1284 inertia
848 1229 943 1299 posita
952 1234 1084 1298 estquae
1094 1245 1128 1281 ex
1138 1227 1238 1296 seipsa

139 1301 294 1351 tenturus
319 1295 455 1349 Nimirum
468 1313 526 1350 non
539 1297 681 1368 cogitave-
700 1296 1238 1369 tyrannoseorumqueimpotentemdo-

139 1371 217 1432 runt,
228 1363 258 1417 id
289 1364 346 1417 uod
356 1379 442 1433 supra
451 1365 516 1433 dixi,
525 1382 583 1419 non
594 1366 682 1421 videri
700 1367 879 1421 minationem
892 1365 1040 1436 generarit
1054 1371 1083 1418 et
1095 1371 1238 1434 tamquam

141 1433 247 1486 Tacito
283 1431 351 1485 rvini
369 1433 518 1502 quicquam
540 1451 603 1488 esse
626 1434 682 1487 nisi
699 1436 788 1515 pestis
801 1435 941 1506 quaedam
958 1433 1012 1486 toti
1029 1433 1136 1502 populo
1152 1449 1170 1485 a
1183 1432 1237 1486 diis

138 1499 277 1554 inanimis
287 1499 681 1572 homiuumnequeagendifa·
700 1503 825 1557 immissa
845 1520 880 1557 ea
902 1502 997 1557 omnia
1022 1501 1128 1567 effecit,
1164 1516 1237 1570 quae

140 1570 278 1624 cultatem
285 1569 354 1622 deos
363 1568 450 1622 ullam
456 1569 621 1625 haberenisi
630 1588 682 1640 per
699 1571 845 1652 asingulis
858 1571 1018 1625 hominibus
1031 1567 1170 1624 neeeffiei
1183 1585 1238 1622 nee

139 1639 259 1691 eosdem
279 1636 422 1690 hominum
443 1637 566 1707 animos3
594 1655 681 1710 quare
699 1639 844 1720 prohiberi
860 1645 986 1708 possent
1020 1637 1150 1692 Praritss
1169 1653 1236 1691 veru

138 1705 174 1758 fit
190 1710 224 1758 ut
242 1705 278 1758 de
299 1704 405 1758 ravatis
426 1706 552 1760 moribus
573 1707 682 1761 nullum
699 1708 1237 1778 rllaquouiametortumetprogressum
1273 1756 1277 1762 .

139 1790 261 1844 usquam
293 1772 395 1852 'vinum
404 1791 506 1828 numen
516 1791 578 1829 esse
588 1775 681 1829 videa·
700 1782 880 1856 ettamquam
888 1775 1034 1829 historiam
1043 1774 1152 1841 habuit,
1162 1773 1236 1828 idem

139 1849 185 1894 tur
203 1857 299 1910 neque
317 1858 372 1894 vrm
390 1841 478 1896 ullam
491 1843 521 1896 in
533 1844 619 1897 rebus
632 1843 681 1896 hu·
700 1845 785 1899 etiam
802 1862 831 1897 m
850 1844 965 1898 deorum
982 1843 1052 1896 iram
1070 1842 1171 1896 eadere
1188 1857 1233 1894 ne·

138 1909 232 1963 manis
245 1925 377 1963 exserere
390 1910 483 1979 possit
499 1911 553 1964 nisi
569 1911 681 1965 noxiam
700 1929 779 1966 cesse
793 1918 850 1979 est,
869 1912 974 1990 qnippe
1012 1927 1066 1964 uae
1080 1910 1178 1964 eadem
1191 1925 1238 1962 res

140 1985 170 2031 et
178 1977 383 2046 perniciosam,
395 1980 681 2049 qualemaeorruptis
700 1981 744 2034 sit
763 1929 1238 2060 Originemerusfflaeitnsapoten-

140 2045 287 2099 hominum
297 2045 397 2098 animis
406 2045 548 2126 proficisci
563 2064 615 2116 par
624 2053 681 2116 est3
700 2049 757 2102 tiae
768 2047 899 2117 cupidine
908 2047 1020 2115 repetit,
1035 2061 1108 2116 quae
1118 2061 1181 2098 eum
1190 2043 1238 2096 im-

89 2135 93 2144 ·
139 2114 169 2166 id
178 2115 220 2167 ita
229 2129 304 2180 esse,
322 2129 471 2182 perspicue
487 2116 613 2170 declarat
622 2133 681 2170 ver·
699 2116 771 2184 perii
783 2114 977 2185 magnitudine
994 2111 1121 2168 adolevit
1135 2111 1238 2180 erupit

140 2181 264 2235 bisillis:
270 2184 483 2252 promtissimi·
491 2193 682 2236 moresnostroa
700 2201 770 2254 que3
788 2183 916 2237 adolevit
928 2187 1021 2236 autem
1034 2181 1109 2234 inter
1123 2178 1238 2234 tribuni-

140 2249 681 2321 b'ceret‚deia‚¹³⁴quibussigrdfioatipso
700 2253 759 2307 oias
784 2251 885 2306 turbas
907 2257 936 2306 et
955 2257 1066 2320 patrum
1088 2247 1180 2318 plebis
1202 2265 1237 2302 ue

139 2336 200 2372 rum
215 2317 362 2371 homiuum
381 2319 488 2373 scelere
506 2319 681 2374 combustum
700 2320 867 2387 certamina3
894 2319 988 2388 erupit
1010 2317 1131 2389 denique
1154 2265 1237 2372 heim

139 2403 202 2440 esse
214 2385 388 2454 Capitolium
398 2403 461 2441 oum
473 2404 629 2458 prosperae
639 2405 681 2443 es·
700 2389 830 2443 civilibus
843 2406 861 2442 a
871 2386 961 2442 Mario
972 2387 1107 2457 Sullaque
1121 2385 1237 2456 primum

140 2459 204 2508 seut
222 2471 271 2507 res
290 2453 435 2508 Romanae
458 2473 512 2510 neo
533 2457 621 2510 ullum
644 2457 680 2510 ab
721 2457 797 2525 estis,
836 2456 920 2511 uibus
938 2455 1095 2526 aequalitas
1112 2470 1237 2524 pessum·

138 2523 265 2602 externis
284 2522 416 2576 hostibus
433 2524 597 2592 perieulum.
624 2523 680 2579 Sed
700 2475 780 2594 ἐπα,
799 2474 917 2579 libertas
931 2524 1015 2578 armis
1024 2523 1099 2578 vieta
1109 2531 1138 2578 et
1149 2522 1178 2575 in
1188 2522 1237 2574 do-

138 2608 230 2661 rpsam
239 2591 320 2644 ullam
330 2591 473 2644 hominum
487 2593 598 2661 culpam
612 2593 681 2647 alibi
699 2594 880 2648 minationem
891 2609 1027 2646 conversa
1042 2598 1100 2658 est3
1119 2590 1238 2646 eandem

138 2659 269 2729 appellat
296 2659 412 2714 deorum
437 2660 507 2714 iram
531 2667 682 2732 propterea
700 2664 782 2716 deum
799 2661 878 2730 ham,
897 2660 1016 2715 eandem
1034 2659 1176 2714 homiuum
1195 2674 1237 2710 ra-

138 2728 219 2796 quod
228 2726 299 2781 vitia
312 2727 384 2781 adeo
400 2728 457 2782 late
466 2727 569 2782 diffusa
578 2736 644 2783 sunt
653 2736 682 2783 et
700 2731 782 2798 biem,
793 2730 907 2786 easdem
917 2729 1054 2783 scelerum
1062 2743 1163 2782 causas
1170 2725 1239 2780 dicit

139 2795 286 2849 hominum
295 2801 492 2850 mentestanto
503 2813 588 2866 opere
599 2814 680 2852 oeou-
700 2799 818 2853 'l'aoitus
832 2804 933 2867 postea
948 2803 978 2850 et
990 2795 1155 2865 Pompeium
1169 2792 1238 2848 Cae-

138 2869 283 2932 paverunt
304 2869 334 2917 et
353 2864 513 2918 iniecerunt
533 2871 564 2918 ut
587 2866 611 2918 si
634 2867 682 2937 qui
700 2884 846 2937 saromque
861 2871 890 2919 et
903 2865 1088 2920 Octavianum
1106 2880 1169 2918 cum
1181 2861 1238 2914 Au·

139 2932 209 2984 boni
219 2937 249 2984 et
258 2931 362 3002 integri
376 2931 531 3002 supersint,
547 2935 681 2988 resistere
699 2935 788 3003 tenio,
807 2934 929 3004 denique
949 2932 1089 2986 Othonem
1108 2938 1137 2985 et
1149 2929 1238 2985 Vitel-

139 2998 197 3053 illis
215 3000 297 3053 nullo
314 3001 398 3054 modo
417 3001 528 3069 possint
544 3001 680 3071 ipsorum·
699 3004 756 3056 lum
765 3000 971 3055 indisoordiam
982 3000 1127 3067 egissel36
1144 2996 1239 3066 Appa-

141 3085 195 3138 que
206 3068 339 3121 vitiorum
348 3069 517 3123 immensaet
525 3071 590 3139 plus
600 3087 681 3141 quam
700 3078 745 3124 ret
760 3070 848 3140 igitur
865 3069 948 3120 deum
970 3067 1041 3118 iram
1063 3081 1126 3120 esse
1149 3065 1239 3134 ipsam

141 3137 266 3190 humana
275 3136 317 3188 vis
328 3153 390 3190 esse
396 3137 533 3206 videatur,
541 3155 614 3210 quae
620 3156 681 3192 eam
701 3139 778 3192 illam
792 3136 934 3191 hominum
946 3133 1068 3200 rabiem,
1087 3149 1160 3202 quae
1170 3148 1239 3254 quo·

140 3205 232 3274 ipsam
248 3204 286 3258 ob
306 3221 421 3260 causam
435 3205 560 3260 divinae
580 3207 681 3276 pellari
701 3207 776 3260 niam
799 3213 942 3275 tamquam
963 3202 1078 3255 morbus
1103 3207 1178 3270 pesti
1190 3218 1240 3255 ens

141 3273 243 3342 potuit.
280 3271 381 3344 Itaque
401 3274 533 3328 Seianum
553 3225 623 3329 dicit
640 3275 680 3328 iu-
700 3275 848 3329 universos
874 3270 992 3340 invasit,
1026 3269 1162 3338 paulatim
1189 3285 1239 3324 eos

141 3347 228 3463 {ente
241 3341 373 3410 potentia
389 3343 509 3412 potitum
527 3343 593 3397 dum
609 3361 682 3398 unus
700 3360 814 3466 quoque
825 3340 990 3421 corrumpit,
1007 3338 1133 3410 quiboui
1144 3356 1240 3408 super-

165 3408 287 3464 iberium
301 3409 355 3466 sibi
369 3416 459 3464 totum
474 3411 612 3481 devinxit,
630 3432 683 3466 non
713 3417 827 3479 nerant,
845 3410 946 3464 nullas
978 3415 1023 3462 tur
1036 3407 1066 3462 in
1076 3409 1131 3463 hoo
1145 3419 1189 3462 est
1197 3425 1239 3461 re-

141 3487 194 3530 tum
211 3479 332 3531 sollertia
358 3480 471 3549 (qurppe
487 3482 567 3533 isdem
585 3483 683 3534 orthos
701 3479 872 3551 pugnantia,
891 3495 947 3548 quo
982 3477 1082 3531 eadem
1100 3479 1183 3531 deum
1197 3476 1239 3530 ira

142 3547 222 3599 rictus
231 3553 296 3612 est),
311 3563 389 3627 quum
398 3549 472 3600 deum
480 3549 522 3602 ira
530 3551 558 3601 in
567 3567 622 3602 rem
628 3550 682 3602 Ito·
701 3556 730 3603 et
738 3547 839 3602 uleisoi
847 3548 939 3601 malos
948 3552 978 3601 et
991 3545 1086 3599 faeere
1100 3545 1190 3599 malos
1199 3544 1239 3597 in-

141 3632 260 3678 murrum,
278 3631 351 3667 curus
360 3617 426 3684 pori
436 3618 511 3670 exitio
524 3618 605 3686 vipuit
620 3619 681 3670 ceci·
700 3617 845 3697 tellegitur
854 3621 953 3685 estque
960 3613 1167 3668 simuletoausa
1177 3629 1240 3680 pra·

142 3685 279 3752 atquem
305 3683 551 3738 scilieetbreviter
564 3686 682 3740 Tacitus
701 3684 796 3738 vitatus
815 3690 845 3738 et
861 3682 1037 3749 effectus31³⁷
1054 3695 1148 3750 neque
1166 3679 1240 3733 euim

143 3757 172 3804 ot
184 3767 289 3820 magua
302 3751 443 3820 gravitate
457 3753 580 3822 speeiem
592 3754 683 3824 magis
701 3754 799 3808 mirum
814 3758 871 3821 est,
891 3751 968 3821 quod
986 3765 1049 3802 oum
1063 3749 1142 3802 nulla
1155 3748 1239 3802 bonis

143 3818 277 3898 rei'quam
287 3819 434 3872 veritatem
445 3820 601 3890 significat,
620 3839 682 3876 oum
707 3846 855 3852 —-

144 3903 217 3939 emm
226 3887 356 3941 sollertia
362 3886 457 3942 Seiani
466 3905 526 3942 non
533 3895 614 3944 tanta
623 3891 682 3944 sue·
726 3876 764 3966 {22
781 3873 922 3964 fflfflsff,
933 3934 955 3972 p·
966 3924 1011 3964 111.
1026 3932 1073 3960 cum
1087 3932 1130 3962 n„
1145 3921 1241 3961 m„

143 3955 186 4023 111,
192 3961 224 4008 111
232 3971 291 4008 11011
300 3955 406 4010 maiore
416 3956 543 4012 8011811111
552 3959 627 4013 Victa
637 3959 682 4028 811,
701 3981 745 4017 tarn
754 3979 839 4025 iniquos
849 3981 870 4014 et
879 3985 956 4014 saevos
965 3974 1017 4013 deos
1022 3973 1090 4012 videri
1099 3975 1194 4022 potuisse
1199 3973 1240 4012 ‘la-

215 4060 221 4066 .
701 4031 752 4074 cito,
762 4030 814 4068 tram
824 4027 912 4066 deorum
921 4027 975 4065 miro
986 4025 1240 4064 modostatultnihllesse

167 4078 204 4116 lta
221 4078 280 4118 illst.
290 4079 308 4125 1,
317 4079 338 4117 ³.
353 4077 493 4120 Hoffmelstor
501 4090 549 4130 pag.
556 4082 593 4121 lot
598 4091 645 4131 sqq.
702 4081 743 4119 nlsl
752 4079 867 4128 lmuglneur
876 4076 982 4128 quandam
991 4077 1104 4126 poetieam.
1119 4077 1153 4115 ent
1167 4075 1204 4114 lile
1216 4077 1240 4114 in

167 4130 204 4168 las
221 4129 279 4168 illst.
289 4129 330 4175 lll,
340 4131 373 4169 tl.
702 4133 754 4180 ipsis
767 4131 854 4179 quidem
866 4129 929 4168 rubus
942 4130 1010 4176 gestis
1022 4127 1132 4167 narrandis
1145 4130 1167 4166 et
1175 4127 1239 4165 rosti-

167 4182 204 4219 135
221 4182 280 4224 Anu.
291 4181 330 4230 lV,
340 4183 360 4221 1.
702 4182 785 4221 mandis
794 4181 875 4221 nullam
885 4182 998 4222 veritatem
1008 4179 1146 4227 concesserit,
1159 4178 1197 4218 sed
1206 4177 1240 4218 cui
