2960 4962
334 449 396 516 112
684 454 1009 512 connumerem

1253 555 1274 587 ι.
1286 559 1308 588 a.
1321 550 1375 592 775.

329 619 481 705 Augusto
504 615 674 682 constituta
696 614 772 679 satis
795 612 1002 678 ostendebant
1028 635 1164 678 annuam
1186 612 1378 682 absentiam

330 725 362 780 et
383 709 615 799 provinciarum
637 707 937 772 administrationem
957 707 1107 772 Dialibus
1129 729 1194 772 non
1216 711 1376 788 concedi;

331 804 624 886 memorabaturque
637 803 678 868 L.
692 801 824 880 Metelli,
842 801 999 887 pontificis
1013 799 1150 880 maximi,
1170 803 1375 890 exemplum,

331 903 385 987 qui
414 899 537 966 Aulum
567 896 767 964 Postumium
801 895 958 961 flaminem
990 896 1176 961 attinuisset.
1217 897 1263 962 ita
1294 921 1374 965 sors

330 996 430 1062 Asiae
444 993 478 1058 in
491 1014 573 1070 eum,
587 991 643 1076 qui
656 989 866 1056 consularium
879 989 1094 1076 Maluginensi
1106 989 1270 1076 proximus
1286 1003 1372 1068 erat,

208 1137 215 1150 .
330 1089 464 1156 conlata.
829 1092 832 1100 “

280 1205 311 1254 72
394 1182 502 1248 Isdem
524 1177 635 1245 diebus
653 1179 797 1265 Lepidus
821 1177 861 1243 ab
880 1186 991 1243 senatu
1013 1177 1123 1264 petivit
1139 1187 1176 1242 ut
1197 1177 1372 1245 basilicam

329 1276 437 1354 Pauli,
459 1272 598 1340 Aemilia
619 1273 823 1350 monimenta,
850 1272 976 1357 propria
996 1272 1130 1357 pecunia
1150 1271 1290 1338 firmaret
1313 1296 1370 1338 or-

329 1379 489 1454 naretque.
521 1377 587 1432 erat
609 1367 703 1432 etiam
725 1378 792 1431 tum
814 1367 848 1431 in
869 1387 954 1430 more
980 1365 1107 1450 publica
1131 1367 1367 1446 munificentia3

330 1487 388 1530 nec
405 1461 573 1548 Augustus
591 1471 733 1526 arcuerat
751 1461 905 1538 Taurum,
929 1458 1124 1545 Philippum,
1147 1460 1288 1526 Balbum
1305 1462 1368 1528 ho-

330 1558 416 1623 stiles
439 1555 568 1621 exuvias
591 1563 647 1618 aut
671 1553 859 1620 exundantis
882 1573 958 1639 opes
985 1562 1129 1618 omatum
1151 1555 1192 1619 ad
1218 1554 1307 1620 urbis
1331 1565 1366 1620 et

328 1660 489 1737 posterum
514 1648 648 1735 gloriam
673 1648 828 1714 conferre:
856 1670 919 1732 quo
945 1656 1013 1712 turn
1039 1649 1182 1733 exemplo
1203 1649 1364 1735 Lepidus,

329 1764 519 1828 quamquam
542 1742 693 1828 pecuniae
714 1742 872 1820 modicus,
895 1742 1014 1806 avitum
1036 1742 1133 1808 decus
1154 1743 1296 1808 recoluit.
1329 1755 1365 1810 at

328 1838 461 1926 Pompei
478 1838 634 1904 theatrum
650 1837 724 1924 igne
745 1837 874 1902 fortuito
896 1837 1045 1902 haustum
1063 1835 1184 1902 Caesar
1200 1847 1364 1903 extructu-

328 1957 399 2000 rum
420 1933 576 2020 pollicitus
600 1942 661 2010 est,
688 1953 726 1998 eo
749 1932 834 2016 quod
855 1953 948 1997 nemo
971 1953 988 1996 e
1010 1930 1130 1996 familia
1154 1933 1364 1998 restaurando

330 2029 497 2107 sufficeret,
516 2037 661 2094 manente
675 2035 780 2093 tamen
796 2027 922 2093 nomine
937 2026 1078 2113 Pompei.
1102 2027 1195 2092 simul
1212 2028 1361 2094 laudibus

332 2123 484 2190 Seianum
501 2121 625 2201 extulit,
644 2132 803 2207 tamquam
820 2121 927 2186 labore
944 2114 1168 2208 vigilantiaque
1186 2121 1254 2187 eius
1272 2131 1362 2187 tanta

329 2218 378 2284 vis
397 2240 495 2282 unum
511 2217 593 2282 intra
610 2216 760 2281 damnum
778 2216 928 2295 stetisset;
951 2224 983 2280 et
1000 2236 1150 2280 censuere
1166 2225 1272 2301 patres
1292 2217 1362 2281 effi-

329 2312 413 2397 giem
433 2309 563 2388 Seiano,
586 2331 667 2394 quae
685 2309 769 2396 apud
786 2310 942 2375 theatrum
958 2308 1092 2395 Pompei
1113 2310 1277 2376 locaretur.
1305 2334 1362 2376 ne·

272 2461 274 2470 .
329 2397 511 2489 que'multo
537 2412 610 2489 post
632 2403 765 2482 Caesar,
793 2427 865 2470 cum
887 2405 1014 2469 Iunium
1035 2403 1200 2483 Blaesum,
1227 2428 1362 2491 procon-

330 2498 430 2562 sulem
446 2494 590 2573 Africae,
614 2498 762 2583 triumphi
784 2499 962 2586 insignibus
984 2497 1152 2576 attolleret,
1175 2500 1250 2564 dare
1272 2501 1308 2565 id
1325 2523 1360 2566 se

329 2591 408 2656 dixit
428 2590 539 2656 honori
562 2588 683 2668 Seiani,
707 2593 795 2658 cuius
818 2591 1067 2658 ille'avunculus
1090 2602 1170 2658 erat:
1192 2615 1230 2658 ac
1253 2603 1361 2660 tamen

328 2707 379 2750 res
396 2685 504 2750 Blaesi
522 2685 635 2770 dignae
653 2685 766 2752 decore
783 2686 838 2750 tali
855 2687 953 2752 fuere.

280 2799 315 2850 13,
391 2778 474 2844 Nam
496 2777 695 2857 Tacfarinas,
718 2801 910 2864 quamquam
932 2783 1058 2870 saepius
1080 2783 1245 2870 depulsus,
1268 2805 1362 2870 repa-

327 2872 403 2938 ratis
420 2894 478 2959 per
498 2872 608 2938 intima
624 2871 754 2938 Africae
776 2875 900 2941 auxiliis
922 2877 985 2942 huc
1007 2878 1208 2965 adrogantiae
1229 2887 1361 2944 venerat

328 2977 363 3032 ut
380 2967 501 3055 legatos
519 2968 561 3034 ad
573 2965 736 3034 Tiberium
749 2970 885 3035 mitteret
903 2972 1072 3056 sedemque
1086 2972 1167 3037 ultro
1185 2971 1247 3037 sibi
1264 2981 1361 3056 atque

329 3063 480 3129 exercitui
498 3085 555 3129 suo
573 3064 746 3150 postularet
763 3073 817 3130 out
834 3064 952 3131 bellum
964 3066 1182 3153 inexplicabile
1200 3067 1361 3132 minitare-

329 3170 387 3226 tur.
419 3183 483 3226 non
510 3161 587 3227 alias
610 3162 712 3249 magis
735 3183 793 3226 sua
814 3161 985 3247 populique
1006 3159 1143 3228 Romani
1169 3162 1361 3227 contumelia

327 3255 499 3320 indoluisse
514 3254 684 3320 Caesarem
696 3255 810 3333 ferunt,
829 3276 924 3339 quam
937 3257 1023 3341 quod
1035 3257 1175 3322 desertor
1192 3265 1223 3320 et
1239 3256 1360 3341 praedo

327 3347 465 3412 hostium
486 3371 574 3413 more
596 3358 716 3434 ageret:
738 3371 779 3413 ne
799 3347 950 3434 Spartaco
973 3344 1099 3435 quidem
1121 3359 1194 3436 post
1216 3359 1263 3416 tot
1284 3372 1361 3416 con·

310 3439 479 3503 'edanum
496 3441 689 3506 exercituum
706 3441 811 3508 clades
829 3443 961 3510 inultam
974 3445 1099 3511 Italiam
1117 3444 1228 3522 urenti,
1247 3467 1361 3528 quam-

327 3552 423 3616 quam
446 3529 576 3600 Sertorii
599 3542 693 3618 atque
709 3533 903 3604 Mithridatis
925 3539 1106 3626 ingentibus
1124 3539 1215 3605 bellis
1237 3537 1361 3604 labaret

326 3650 378 3695 res
395 3625 535 3714 publica,
558 3629 667 3694 datum
684 3639 719 3695 ut
735 3641 829 3716 pacto
845 3633 879 3697 in
896 3633 991 3700 fidem
1009 3635 1216 3720 acciperetur:
1239 3634 1360 3698 nedum

327 3723 536 3810 pulcherrimo
553 3723 662 3811 populi
678 3724 815 3791 Romani
831 3726 960 3815 fastigio
976 3729 1056 3794 latro
1075 3728 1261 3794 Tacfarinas
1278 3749 1359 3813 pace

328 3829 359 3884 et
376 3819 578 3886 concessione
591 3843 739 3906 agrorum
751 3821 964 3888 redimeretur.
987 3823 1041 3889 dat
1054 3823 1215 3910 negotium
1228 3821 1359 3899 Blaeso,

327 3923 448 3981 ceteros
461 3915 588 3998 quidem
602 3915 643 3980 ad
656 3939 745 4003 spem
757 3916 922 4002 proliceret
930 3940 1018 3982 arma
1031 3917 1098 3984 sine
1111 3938 1195 3981 noxa
1206 3916 1357 4001 ponendi,

326 4008 426 4093 ipsius
445 4017 550 4074 autern
567 4010 657 4077 ducis
674 4033 801 4095 quoquo
819 4011 912 4076 modo
934 4021 1107 4098 poteretur:
1130 4021 1162 4075 et
1182 4009 1301 4095 recepti
1319 4031 1359 4075 ea

326 4104 419 4169 venia
443 4104 593 4190 plerique.
629 4129 705 4173 mox
730 4107 898 4174 adversum
923 4116 1007 4172 artes
1033 4104 1242 4172 Tacfarinatis
1269 4103 1357 4168 haud

278 4209 309 4258 rs
327 4195 470 4262 dissimili
484 4199 578 4265 modo
591 4199 823 4288 belligeratum
837 4223 914 4268 nam
924 4201 998 4286 quia
1011 4200 1063 4266 ille
1072 4199 1185 4268 robore
1198 4198 1355 4266 exercitus
