2966 4960
248 477 298 526 Lx
434 480 474 522 Db
493 477 743 522 continuum
760 475 828 518 vm
845 475 964 518 memo
982 473 1117 518 scama.

248 592 334 646 alium
343 589 450 646 fontem
459 589 624 644 habereuisi
630 590 786 659 exemplum
803 586 952 658 profutura
961 601 1343 658 speramusquaenunccum

249 660 319 714 illud
333 659 371 713 ab
385 659 465 712 Enoc
474 657 619 713 Asculano
633 659 663 712 in
675 658 787 712 Italiam
804 656 922 710 maxime
935 654 1032 724 rigent
1046 656 1138 709 studia
1147 655 1342 738 epigrapbica,

249 730 381 795 allatum,
403 728 439 781 de
454 726 622 782 Germaniae
640 725 787 780 codicibus
804 725 833 778 in
846 725 937 777 altero
950 739 1018 776 vero
1032 722 1088 778 boc
1099 728 1165 793 post
1177 725 1276 780 Rotbri
1290 727 1343 780 uti-

249 813 285 852 ne
295 796 368 850 idem
378 795 576 862 existimemus,
590 795 786 850 obstatsinon
805 792 939 846 lissimam
948 791 1123 912 diripentium
1133 793 1289 862 optandum
1299 800 1344 849 est

250 871 330 919 aetas
347 879 445 918 eorum
458 869 488 918 et
500 880 643 932 numerus,
662 869 693 918 at
710 867 787 917 certe
804 859 1003 913 utsimuladln
1024 865 1105 913 eatur
1113 861 1272 916 accuratior
1281 863 1343 917 eius

251 932 407 1002 scripturae
426 931 617 1002 discrepantia
637 937 787 1002 magnast
805 927 941 983 orationis
958 927 1097 997 cognitio,
1119 945 1203 998 quam
1220 929 1288 984 inde
1306 931 1344 987 ab

250 1001 337 1056 varia
805 997 849 1050 Au
889 996 1028 1049 stiaetate
1041 996 1171 1051 rhetores
1185 997 1346 1054 maximeet

283 1067 447 1124 Editiouum
463 1068 573 1122 indices
591 1072 720 1136 repetere
738 1083 786 1136 pa·
806 1065 857 1119 deo
916 1064 1211 1120 atoressxcoluerunt
1225 1066 1345 1122 Necde·

250 1155 311 1192 rum
319 1137 388 1192 ub'le
398 1136 534 1204 arbitror,
552 1137 622 1190 illud
635 1135 666 1188 in
678 1135 787 1189 univer·
805 1132 920 1186 fuerunt
933 1149 1002 1186 sane
1014 1137 1080 1202 poet
1089 1131 1225 1187 Orellium
1242 1136 1345 1188 multo·

252 1223 313 1259 sum
323 1205 417 1260 dicere
428 1203 535 1258 sufficit
586 1222 599 1256 s
621 1203 788 1258 immortalia
805 1200 970 1254 rumetudia
978 1199 1063 1254 variis
1072 1200 1233 1255 nominibus
1247 1202 1344 1270 utilie;

250 1273 308 1327 I.Li
331 1220 788 1338 ailmeritacquusPichena,
806 1268 900 1322 omnia
908 1285 975 1323 vero
985 1267 1112 1322 Tacitio
1133 1285 1182 1324 era
1192 1269 1346 1340 diligenter

251 1341 306 1396 Tb.
342 1339 456 1411 ysitius,
475 1338 788 1408 aliiminoribusgradi-
806 1336 1094 1391 edideruntRittaret
1131 1337 1243 1408 almius,
1259 1339 1345 1394 edere

251 1409 305 1464 bus
323 1409 353 1462 in
370 1408 554 1462 emendandis
571 1413 602 1462 et
614 1406 789 1476 explicandis
807 1404 1107 1486 coopitNipperdeius
1126 1405 1216 1460 Nobis
1231 1405 1346 1478 quidem

252 1475 346 1530 Taciti
356 1475 489 1545 oporibus
498 1473 678 1544 proficerent,
690 1475 788 1528 editio·
807 1474 835 1526 in
849 1473 904 1526 bac
917 1473 1041 1526 editione
1055 1473 1231 1542 propositum
1244 1473 1301 1529 fuit
1313 1481 1346 1528 ut

250 1560 333 1598 nese
349 1541 500 1598 Gronoviis
513 1543 632 1612 primum
645 1542 789 1596 institutas
807 1539 938 1610 usquein
948 1541 1089 1595 scribendi
1098 1541 1204 1596 ratione
1213 1559 1305 1615 neque
1315 1542 1346 1596 in

252 1616 387 1666 ctauotas
407 1609 694 1664 deindeabssrnsstio
709 1610 788 1665 Wol·
807 1608 990 1664 emendaudIs
1016 1609 1111 1662 verbis
1133 1610 1345 1665 admitteremus

251 1679 299 1748 fio,
315 1651 460 1746 Oberlino,
474 1677 606 1734 Bekkero
616 1651 752 1749 repetitas
762 1684 790 1733 et
808 1677 1076 1756 quicquam-quod
1092 1691 1151 1731 non
1168 1684 1267 1747 posset
1284 1678 1345 1732 siue

252 1748 442 1816 locupletatas
451 1753 480 1801 et
489 1752 631 1802 correctas
640 1746 789 1816 complecti
808 1750 1008 1799 commentario
1017 1746 1063 1800 vel
1071 1744 1199 1816 intellegi
1209 1745 1254 1800 vel
1263 1763 1345 1801 exou-

251 1814 440 1885 feroplurima
450 1814 789 1886 etoptima,quaaaprio-
808 1813 872 1867 sari.
889 1812 990 1892 Itaque
1001 1812 1346 1885 cuminpriorevolumine

251 1884 331 1938 ribus
350 1883 456 1937 collata
473 1888 566 1952 eraut,
592 1882 698 1938 maiore
715 1883 789 1937 mole
808 1880 972 1950 Nipperderi
1005 1881 1182 1950 potissimum
1216 1883 1345 1963 exemplo

251 1951 327 2018 idem
341 1949 489 2005 consilium
503 1951 789 2022 secutueltupertius,
809 1955 916 2012 uterer,
946 1946 1051 2028 qnippe
1069 1949 1117 2020 qui
1135 1949 1346 2005 accuratissrme

253 2037 315 2074 oum
333 2019 497 2074 Waltherus
519 2021 637 2074 maxime
659 2019 690 2074 ia
712 2019 790 2073 colli·
808 2021 933 2072 vetorum
946 2017 1082 2071 librorum
1096 2018 1292 2074 auctoritatem
1304 2035 1347 2073 se·

253 2087 354 2158 gendis
369 2103 402 2142 oo
423 2086 457 2141 iis
472 2087 577 2142 criticis
591 2088 712 2170 diligens
721 2087 790 2141 fuis·
809 2090 890 2140 cutus
903 2085 1065 2154 videbatur,
1084 2085 1114 2140 in
1124 2086 1346 2156 orthograpbieo

253 2163 309 2222 set3
335 2105 475 2224 Baebius,
493 2156 697 2227 Kiesslingrue,
715 2155 790 2210 Doe-
808 2168 912 2275 {encre
923 2168 971 2206 sae
992 2167 1007 2206 e
1023 2160 1052 2207 et
1060 2153 1098 2209 ab
1112 2154 1162 2234 illo
1176 2159 1231 2208 eta
1242 2155 1347 2210 codici·

254 2224 421 2292 derleiniue,
452 2223 624 2279 Duebnerus
651 2224 790 2278 editiones
828 2238 862 2275 us
880 2221 957 2274 drsce
980 2222 1082 2275 endum
1096 2221 1160 2290 furt,
1179 2239 1237 2276 nou
1251 2228 1347 2278 temen

253 2291 438 2346 adnotatione
448 2297 514 2362 apte
528 2298 558 2346 et
569 2291 675 2347 utiliter
685 2293 791 2346 selecta
809 2288 903 2343 omnia
920 2288 958 2342 ad
975 2305 1061 2342 unum
1078 2290 1192 2344 modum
1205 2307 1347 2362 exaequa-

253 2360 457 2424 instruxerunt3
475 2376 551 2413 nunc
564 2365 707 2428 veropost
727 2375 790 2412 uam
809 2356 912 2425 rimus,
932 2356 982 2411 sed
1000 2357 1090 2427 ipsam
1104 2358 1189 2413 etiam
1203 2359 1347 2414 scribendi

254 2427 353 2481 Orellii
363 2426 495 2496 consilio,
511 2443 598 2496 opcra
609 2426 716 2482 Baiteri
751 2427 790 2480 lo·
808 2424 1347 2508 inconstantiameamretinuimus,quae

252 2493 355 2549 reatini
365 2493 477 2548 codices
487 2501 596 2549 veteres
607 2495 700 2548 denuo
710 2499 790 2549 etac-
809 2493 951 2562 evulgari
968 2495 1173 2549 consuetudine
1190 2511 1248 2550 noa
1261 2496 1347 2550 armis

254 2561 428 2616 curatissime
439 2561 791 2632 excussiitemqueabaliis
809 2561 967 2628 recoderet3
991 2561 1168 2617 coniecturas
1185 2579 1267 2632 vero,
1287 2564 1347 2635 qui-

253 2631 391 2684 miuorum
400 2629 535 2684 librorum
546 2630 658 2684 codices
674 2629 790 2700 diligen·
809 2629 862 2682 bus
871 2645 925 2682 nos
936 2645 1049 2749 puoque
1062 2637 1128 2684 ante
1139 2630 1274 2685 Orellium
1288 2648 1348 2686 cre-

253 2697 360 2752 tissime
367 2696 518 2767 conquisiti
525 2697 710 2752 etexamineti
716 2705 790 2765 sunt,
810 2696 861 2750 bro
870 2695 939 2749 indu
952 2714 1089 2762 seramus,
1109 2715 1171 2752 oum
1185 2699 1255 2753 alias
1270 2700 1348 2753 codi-

254 2765 310 2820 nisi
323 2764 391 2836 quid
403 2765 539 2835 insperati
553 2766 647 2820 auxilii
666 2773 792 2836 emergat
810 2763 1044 2818 comtestimoniis
1051 2767 1258 2836 comprobatas,
1264 2767 1347 2836 elias,

254 2839 385 2904 prompta
398 2833 457 2888 fere
468 2849 531 2888 esse
544 2838 682 2903 etparata
695 2835 791 2888 vidan-
810 2848 883 2903 quae
902 2838 996 2887 certae
1013 2833 1195 2904 videbantur,
1227 2835 1264 2889 ab
1283 2835 1348 2890 aliis

253 2911 312 2966 tur,
342 2917 415 2972 quae
437 2901 521 2955 nobis
543 2902 581 2956 ad
598 2903 791 2957 emendandos
809 2905 973 2970 praereptas
999 2900 1248 2972 intellexissemus,
1283 2901 1348 2957 rsli-

255 2968 350 3024 Taciti
363 2969 451 3024 libros
460 2970 623 3025 adiumenta
636 2970 791 3041 antiquitus
810 2985 881 3040 quas
894 2969 940 3023 vel
953 2975 1066 3023 nostras
1079 2970 1125 3024 vel
1139 2971 1247 3026 alienas
1282 2972 1349 3024 luri·

230 3083 233 3088 .
254 3039 358 3092 tradita
368 3043 530 3119 suppetunt,
540 3044 572 3094 ut
580 3038 791 3108 angustioribus
809 3054 870 3091 mas
889 3037 1093 3106 damnavimus,
1111 3055 1218 3118 paucas
1236 3055 1253 3093 a
1302 3039 1349 3092 isi-

254 3106 310 3160 iam
319 3112 347 3161 et
356 3105 523 3161 certioribus
532 3106 637 3162 finibus
648 3107 792 3162 divinandi
809 3104 1143 3174 mus,inclinatislitter1s
1154 3104 1348 3178 significantes

254 3173 374 3231 audacia
387 3177 545 3231 coercenda
559 3177 607 3243 sit,
627 3193 684 3246 qua
697 3190 791 3246 quarn-
811 3190 860 3228 eos
879 3175 972 3241 locos,
994 3173 1024 3226 in
1061 3174 1145 3228 uibus
1163 3191 1182 3230 a
1200 3173 1348 3230 codicibus

255 3243 793 3362 quamnenuncpuidemcareripotest
811 3241 1023 3296 discessumest.
1071 3241 1347 3313 eniqueutunocou·

253 3311 283 3363 in
300 3310 335 3363 iis
353 3310 470 3364 maxime
495 3311 572 3378 ibris,
591 3310 639 3380 qui
652 3327 710 3364 nou
724 3309 791 3365 Cor·
811 3315 910 3378 spectu
936 3309 1070 3380 quicquid
1100 3315 1198 3364 nostro
1229 3310 1347 3366 consilio

253 3377 363 3431 baiensi
385 3377 483 3430 codice
506 3377 699 3444 continentur,
726 3379 791 3456 plus
809 3381 945 3430 mutatum
962 3384 1013 3445 est,
1033 3378 1233 3446 comprehendi
1246 3379 1348 3448 possit,

255 3445 400 3514 aliquanto
412 3459 514 3512 operae
528 3445 692 3513 ponendum
702 3450 792 3500 entet
810 3443 1348 3502 brevitoreoelocosomnesrecensebi-

253 3511 790 3581 inrcbuaoognosccndis,quasTaoitus
808 3512 1347 3596 musinquibuscumaliquoverborum

254 3578 382 3648 tradidit,
402 3585 431 3632 et
446 3578 476 3632 in
494 3577 608 3648 linguae
622 3579 715 3633 Taciti
733 3581 790 3634 elo·
809 3584 859 3634 aut
882 3581 1037 3636 sententiae
1061 3581 1223 3637 discumino
1247 3588 1348 3637 nostra

255 3646 443 3769 quentiaepua
465 3647 492 3728 le
515 3647 577 3701 ‘bus
601 3647 789 3718 explicandis3
808 3646 1097 3721 editioaNipperdeii
1107 3651 1234 3722 exemplo
1245 3648 1347 3706 differt.

254 3715 396 3788 atquemrl
410 3731 425 3771 ο
437 3732 484 3788 qur
506 3732 549 3772 em
559 3731 664 3786 genere
673 3716 789 3771 multum
