2960 4962
329 447 392 512 124
430 531 434 540 „
677 449 860 512 coauanu
873 449 1007 508 mum

1244 544 1362 582 amitt.

328 617 395 681 fore
418 615 533 700 plnris3
560 633 661 696 neque
684 609 769 676 aliud
794 608 954 696 gliscentis
980 607 1154 674 discordiae
1180 608 1361 672 remedium

329 733 423 795 quam
443 710 470 773 si
488 731 568 772 unus
587 707 702 771 alterve
720 705 855 770 maxime
873 703 1009 788 prompti
1026 702 1291 767 subverterentur.

280 827 311 874 18
394 802 467 885 Qua
489 823 585 866 causa
602 798 641 864 0.
661 797 774 864 Silium
796 806 827 862 ct
845 797 964 860 Titium
983 793 1137 861 Sabinum
1159 795 1358 881 adgreditur:

331 897 467 962 amicitia
489 893 670 960 Germanici
689 891 864 977 perniciosa
885 891 1020 972 utrique,
1046 887 1124 954 Silio
1147 898 1179 953 et
1200 889 1289 972 quod
1311 889 1360 952 in-

330 991 433 1077 gentis
460 988 614 1053 exercitus
641 995 761 1071 septem
787 1005 843 1068 per
869 1006 966 1048 annos
993 983 1169 1048 moderator
1194 983 1359 1067 partisque

331 1084 415 1168 apud
441 1080 642 1148 Germaniam
664 1076 902 1164 triumphalibus
922 1074 1131 1142 Sacroviriani
1156 1075 1230 1139 belli
1257 1075 1361 1140 victor

331 1186 447 1260 quanto
474 1175 589 1240 mucre
611 1173 693 1238 mole
713 1171 900 1256 procideret,
926 1169 998 1254 plus
1025 1169 1198 1235 formidinis
1220 1170 1255 1232 in
1277 1169 1359 1235 alios

332 1270 578 1357 dispergebatur.
602 1265 769 1332 credebant
786 1265 925 1350 plerique
943 1273 1066 1329 auctam
1083 1263 1292 1328 offensionem
1311 1264 1359 1347 ip-

332 1365 397 1428 sius
423 1361 673 1447 intemperantia,
700 1359 865 1424 immodice
887 1358 1029 1422 iactantis
1056 1379 1148 1422 snum
1169 1356 1302 1420 militem
1325 1356 1359 1419 in

330 1457 482 1540 obsequio
500 1454 676 1529 duravisse,
700 1461 772 1518 cu'm
789 1452 842 1518 alii
858 1452 900 1516 ad
917 1452 1084 1516 seditiones
1106 1449 1357 1536 prolaberentur3

330 1571 432 1633 neque
454 1569 636 1612 mansurum
655 1545 782 1612 Tiberio
804 1546 983 1631 imperium,
1007 1545 1034 1609 si
1055 1545 1093 1609 iis
1116 1563 1240 1627 quoque
1258 1543 1359 1630 legio-

329 1643 423 1707 nibus
445 1641 559 1726 cnpido
576 1641 712 1705 novandi
733 1640 855 1704 fuisset.
884 1640 1001 1705 destrui
1019 1662 1076 1725 per
1096 1639 1175 1705 baec
1196 1639 1358 1703 fortunam

331 1757 420 1800 suam
440 1732 559 1799 Caesar
580 1734 783 1818 inparemque
806 1742 892 1798 tanto
914 1733 1024 1799 merito
1046 1732 1186 1810 rebatur3
1208 1756 1285 1807 narn
1302 1732 1358 1797 bo-

329 1827 441 1892 nefioia
458 1849 495 1893 eo
517 1848 617 1910 usque
634 1827 717 1890 lacta
734 1836 819 1903 sunt,
839 1827 919 1890 dnm
941 1827 1086 1893 ridentur
1103 1826 1222 1890 exsolvi
1245 1848 1356 1911 posse:

282 1941 311 1988 19
330 1921 385 1986 ubi
407 1921 539 1985 multum
561 1929 759 1998 antevenere,
786 1941 843 2008 pro
865 1920 965 2006 gratia
987 1920 1092 1984 odium
1109 1919 1258 1983 redditur.
1291 1927 1357 1983 erat

330 2039 410 2082 uxor
433 2014 511 2081 Silio
535 2013 628 2080 Sosia
650 2011 756 2091 Galla,
783 2013 909 2078 caritate
931 2011 1126 2099 Agrippinae
1147 2013 1250 2076 invisa
1272 2013 1356 2098 prin-

331 2110 402 2194 cipi.
429 2110 487 2175 hos
506 2109 632 2193 corripi,
651 2107 746 2173 dilato
764 2108 804 2171 ad
822 2115 945 2192 tempus
965 2104 1097 2182 Sabino,
1121 2105 1287 2190 placitum3
1309 2107 1356 2170 in-

330 2203 508 2285 missusque
517 2201 618 2266 Varro
632 2200 750 2278 consul,
765 2201 819 2284 qui
832 2209 976 2285 paternas
990 2200 1167 2264 inimicitias
1182 2199 1355 2264 obtendens

331 2296 410 2360 odiis
439 2293 546 2360 Seiani
571 2317 628 2378 per
652 2295 787 2358 dedecus
815 2316 907 2358 suum
932 2293 1173 2379 gratificabatur.
1207 2303 1355 2378 precante

330 2408 384 2451 reo
402 2386 529 2451 brevem
546 2409 678 2464 moram,
702 2388 778 2451 dum
799 2397 962 2451 accusator
983 2387 1146 2452 consulatu
1165 2386 1278 2464 abiret,
1301 2388 1356 2451 ad-

331 2489 473 2545 versatus
496 2488 544 2544 est
566 2478 698 2544 Caesar:
726 2480 851 2545 solitum
874 2482 989 2566 quippe
1013 2480 1249 2565 magistratibus
1270 2481 1356 2544 diem

330 2573 459 2657 privatis
482 2573 598 2650 dicere3
621 2595 680 2637 nec
701 2573 935 2659 infringendum
957 2574 1093 2639 consulis
1110 2574 1174 2651 ius,
1198 2575 1288 2638 ouius
1310 2575 1358 2637 vi-

330 2666 413 2752 giliis
431 2666 580 2730 niteretur
601 2689 640 2730 ne
658 2668 743 2749 quod
760 2689 810 2732 res
832 2668 958 2753 publica
979 2668 1198 2732 detrimentum
1221 2676 1356 2753 caperet.

330 2759 491 2844 proprium
516 2760 548 2824 id
575 2759 702 2825 Tiberio
729 2760 790 2825 fuit
820 2762 938 2826 scelera
967 2783 1068 2846 nuper
1095 2771 1218 2846 reperta
1243 2761 1356 2845 priscis

331 2854 435 2918 verbis
467 2853 622 2940 obtegere.
658 2856 754 2942 igitur
779 2856 877 2920 multa
907 2856 1153 2934 adseveratione,
1185 2857 1276 2940 quasi
1292 2865 1357 2920 'aut

330 2947 454 3034 legibus
472 2970 544 3013 cum
559 2946 637 3015 Silio
655 2960 808 3036 ageretur,
828 2959 881 3014 aut
893 2949 994 3014 Varro
1012 2950 1122 3015 consul
1139 2959 1194 3014 aut
1210 2950 1290 3013 illud
1305 2973 1357 3015 res

331 3041 457 3126 publiea
474 3052 571 3122 esset,
595 3053 749 3129 coguntur
770 3052 889 3128 patres,
912 3043 1023 3107 silente
1044 3065 1112 3120 reo,
1135 3043 1186 3107 vel
1204 3044 1231 3108 si
1249 3042 1359 3108 defen·

330 3136 450 3201 sionem
477 3147 646 3223 coaptaret,
677 3155 741 3203 non
767 3139 942 3203 occultante
968 3137 1057 3201 cuius
1084 3138 1130 3202 ira
1155 3145 1357 3222 premeretur.

332 3231 520 3295 conscientia
546 3230 620 3295 belli
643 3229 790 3296 Sacrovir
815 3232 869 3296 diu
895 3230 1124 3308 dissimulatus,
1151 3231 1281 3296 victoria
1302 3253 1360 3315 per

332 3322 492 3387 avaritiam
514 3323 640 3388 foedata
661 3332 692 3386 et
713 3347 793 3388 uxor
816 3323 909 3390 Sosia
931 3324 1156 3410 arguebantur3
1182 3315 1241 3388 nee
1263 3324 1359 3389 dubie

331 3414 572 3494 repetundarum
585 3415 765 3480 criminibus
779 3417 963 3495 haerebant3
979 3418 1035 3482 sed
1048 3428 1161 3482 cuncta
1174 3418 1360 3500 quaestione

331 3503 501 3568 maiestatis
529 3507 677 3583 exercita,
705 3517 736 3575 ct
763 3507 860 3575 Silius
886 3511 1100 3575 imminentem
1126 3511 1361 3575 damnationem

282 3614 314 3661 20
332 3595 505 3661 voluntario
526 3596 589 3663 fine
610 3601 787 3684 praevertit.
819 3604 973 3668 saevitum
995 3609 1100 3668 ta'men
1120 3605 1154 3668 in
1170 3603 1268 3680 bona,
1296 3626 1361 3669 non

331 3699 367 3755 ut
384 3691 591 3776 stipendiariis
608 3695 759 3778 pecuniae
776 3698 990 3776 redderentur,
1008 3721 1141 3782 quorum
1159 3721 1253 3763 nemo
1270 3719 1361 3781 repe-

223 3791 226 3796 '
332 3785 430 3864 tebat3
454 3787 510 3850 sed
530 3785 698 3853 liberalitas
716 3788 855 3876 Augusti
873 3792 995 3868 avulsa,
1020 3792 1196 3877 conputatis
1220 3792 1362 3877 singilla-

332 3879 389 3942 tim
410 3901 490 3962 quac
511 3875 588 3945 fisco
609 3882 807 3966 petebantur:
836 3907 873 3948 ea
893 3886 994 3970 prima
1016 3885 1143 3950 Tiberio
1167 3907 1243 3972 erga
1263 3907 1362 3969 pecu-

331 3972 416 4036 niam
447 3974 580 4040 alienam
605 3977 766 4062 diligentia
795 3978 863 4042 suit.
901 3976 995 4044 Sosia
1020 3979 1053 4042 in
1079 3979 1208 4043 exilium
1233 3978 1362 4063 pellitur

331 4062 437 4128 Asinii
455 4064 540 4132 Galli
558 4071 723 4147 sententia,
742 4071 795 4154 qui
812 4079 932 4156 partem
954 4073 1108 4138 bonorum
1125 4071 1359 4158 publicandam,

332 4176 404 4238 pars
426 4167 461 4222 ut
482 4160 587 4226 liberis
609 4163 833 4246 relinqueretur
854 4175 1031 4244 censuerat;
1055 4176 1163 4232 contra
1184 4164 1241 4230 Μ’.
1260 4164 1362 4251 Lepi·
