3042 4956
307 441 369 508 228
655 447 836 504 CORNELII
857 445 987 502 TACl'I'I

1226 550 1246 580 a.
1257 551 1278 580 u.
1290 543 1348 582 sor.

308 611 431 678 Seneca
447 605 621 694 praeceptis
639 605 832 688 eloquentiae
851 613 881 669 et
899 605 1043 670 comitate
1061 605 1206 684 honesta,
1226 608 1346 673 iuvan-

307 719 354 774 tes
372 708 405 770 in
423 705 537 779 vicem,
560 723 623 785 quo
645 699 768 764 facilius
790 699 941 765 lubricam
962 700 1111 786 principis
1135 711 1285 780 aetatem,
1311 704 1345 768 si

307 803 454 866 virtutem
480 807 710 882 aspernaretur,
738 795 949 881 voluptatibus
977 799 1134 863 concessis
1157 798 1342 864 retinerent.

308 905 464 960 certamen
487 891 608 974 utrique
631 913 726 954 unum
745 898 811 954 crat
833 899 939 955 contra
961 889 1109 956 ferociam
1126 890 1341 978 Agrippinae,

307 1011 387 1072 quae
406 985 525 1051 cunctis
544 983 644 1048 malae
666 983 885 1048 dominationis
903 983 1100 1069 cupidinibus
1123 985 1261 1072 flagrans
1280 987 1343 1050 ha-

307 1081 402 1148 bebat
419 1081 451 1144 in
468 1078 609 1166 partibus
623 1075 808 1153 Pallantem,
827 1098 890 1158 quo
904 1087 1029 1142 auctore
1044 1076 1197 1144 Claudius
1217 1079 1339 1166 nuptiis

306 1176 433 1242 incestis
452 1187 482 1239 et
496 1172 661 1258 adoptione
675 1171 806 1236 exitiosa
820 1181 918 1236 semet
935 1182 1124 1258 perverterat
1130 1198 1138 1251 ;
1159 1174 1214 1237 sed
1233 1196 1338 1256 neque

306 1270 421 1335 Neroni
445 1268 526 1332 infra
549 1288 656 1331 servos
678 1265 852 1352 ingenium,
875 1274 907 1329 et
923 1263 1029 1330 Pallas
1048 1266 1128 1330 tristi
1151 1267 1339 1353 adrogantia

307 1365 433 1427 modum
457 1361 558 1426 liberti
586 1381 731 1446 egressus
755 1359 900 1424 taedium·
919 1359 967 1424 sui
990 1369 1144 1438 moverat;
1171 1361 1337 1446 propalam

306 1467 410 1520 tamen
432 1476 541 1521 omnes
563 1454 596 1517 in
618 1475 688 1517 eam
710 1453 843 1518 honores
866 1453 1117 1530 cumulabantur,
1145 1454 1337 1539 signumque

306 1572 391 1614 more
409 1549 536 1612 militiae
553 1547 671 1632 petenti
690 1546 813 1611 tribuno
832 1547 918 1612 dedit
936 1547 1090 1633 „optimae
1108 1549 1216 1612 matris
1222 1553 1255 1626 ;“
1280 1550 1338 1613 de-

306 1642 381 1706 creti
399 1651 429 1706 et
447 1665 466 1706 a
485 1642 676 1706 senatuduo
693 1640 832 1718 lictores,
851 1640 1023 1705 flaminium
1043 1640 1221 1720 Claudiale;
1241 1641 1336 1706 simul

308 1735 440 1802 Claudio
459 1735 634 1800 censorium
653 1735 748 1798 funus
767 1744 798 1799 et
815 1758 889 1800 mox
908 1735 1108 1802 consecratio.

273 1851 287 1897 3
369 1828 433 1893 Die
446 1827 565 1894 funeris
578 1827 788 1893 laudationem
802 1829 869 1894 eius
883 1830 1027 1916 princeps
1042 1854 1172 1896 exorsus
1186 1841 1243 1908 est,
1259 1833 1337 1896 dum

306 1923 523 2007 antiquitatem
549 1922 687 2008 generis,
715 1923 896 1988 consulatus
922 1946 959 1988 ac
980 1925 1152 2010 triumphos
1180 1926 1336 1992 maiorum

307 2017 517 2094 enumerabat,
535 2016 672 2082 intentus
689 2016 757 2102 ipse
776 2027 807 2081 ct
825 2018 918 2082 ceteri
924 2043 932 2095 ;
951 2017 1125 2083 liberalium
1143 2041 1267 2102 quoque
1285 2043 1337 2084 ar-

307 2112 385 2175 tium
404 2111 656 2176 commemoratio
675 2120 706 2175 et
724 2111 800 2175 nihil
817 2121 945 2197 regente
968 2134 1004 2176 eo
1023 2113 1109 2177 triste
1126 2113 1171 2178 rei
1188 2113 1336 2198 publicae

307 2205 347 2269 ab
367 2206 502 2270 externis
525 2204 677 2270 accidisse
698 2204 803 2290 pronis
827 2205 938 2270 animis
962 2207 1081 2271 audita:
1103 2217 1270 2292 postquam
1293 2208 1335 2272 ad

306 2299 531 2383 providentiam
551 2299 797 2384 sapientiamque
818 2299 918 2376 flexit,
941 2322 1033 2366 nemo
1051 2301 1128 2365 risui
1149 2311 1350 2386 temperare,‹

305 2414 496 2475 quamquam
509 2393 607 2472 oratio
625 2415 645 2456 a
659 2390 781 2457 Seneca
795 2393 967 2478 composita
979 2394 1113 2460 multum
1127 2395 1227 2460 cultus
1241 2417 1336 2480 prae-

305 2485 409 2562 ferret,
430 2495 463 2548 ut
481 2485 540 2548 fuit
558 2486 603 2548 illi
620 2486 687 2549 tiro
700 2486 860 2572 ingenium
874 2511 1040 2552 amoenum
1059 2499 1090 2553 et
1103 2488 1249 2574 temporis
1263 2489 1334 2554 eius

306 2577 432 2641 auribus
452 2578 729 2642 accommodatum.
753 2575 943 2646 adnotabant
956 2582 1103 2660 seniores,
1122 2581 1236 2666 quibus
1253 2583 1336 2648 otio-

306 2691 376 2733 sum
399 2680 447 2734 cst
469 2679 574 2734 vetera
596 2680 627 2734 et
648 2673 825 2757 praesentia
847 2677 1048 2754 contendere,
1074 2677 1209 2762 primum
1232 2700 1271 2742 ex
1293 2677 1334 2742 iis

305 2762 359 2846 qui
374 2785 475 2826 rerum
487 2763 578 2848 potiti
592 2775 698 2830 essent
709 2765 867 2833 Neronem
881 2769 999 2834 aberae
1014 2771 1178 2836 facundiae
1192 2771 1332 2858 eguisse:

230 2865 235 2875 ¹
305 2879 379 2921 nam
402 2857 533 2922 dictator
551 2856 671 2924 Caesar
693 2861 823 2926 summis
843 2863 1016 2930 oratoribus
1035 2865 1191 2943 aemulus3
1214 2875 1245 2928 et
1262 2863 1334 2928 Au-

305 2962 399 3038 gusto
416 2963 562 3040 prompta
579 2977 616 3020 ac
633 2956 806 3042 profluens,
826 2980 906 3041 quae
924 2958 1048 3024 deceret
1064 2961 1249 3046 principem,
1268 2960 1334 3025 elo-

305 3047 433 3130 quentia
455 3046 527 3127 luit3
555 3048 699 3116 Tiberius
723 3061 821 3118 artem
847 3073 971 3136 quoque
994 3053 1126 3118 callebat
1152 3077 1215 3138 qua
1235 3053 1333 3119 verba

306 3144 508 3228 expenderet,
529 3153 594 3208 tum
612 3146 735 3211 validus
754 3147 899 3212 sensibus
918 3156 972 3211 aut
989 3148 1131 3212 consulto
1149 3148 1331 3234 ambiguus3

306 3237 399 3300 etiam
414 3235 451 3301 C.
468 3236 614 3304 Caesaris
633 3241 757 3305 turbata
769 3264 858 3306 mens
877 3241 941 3306 vim
959 3241 1083 3305 dicendi
1100 3265 1163 3306 non
1181 3241 1317 3327 corrupit
1323 3267 1332 3320 3

304 3351 363 3392 nec
385 3330 418 3392 in
437 3328 584 3426 Claudio,
608 3335 751 3415 quotiens
774 3335 924 3400 meditata
945 3335 1183 3412 dissererentur,
1207 3334 1333 3422 elegan-

304 3420 379 3482 tiam
393 3421 580 3502 requireres:
598 3423 630 3487 N
630 3447 682 3490 cro
696 3428 867 3511 puerilibus
882 3429 987 3494 statim
1001 3430 1089 3494 annis
1108 3430 1248 3494 vividum
1265 3430 1333 3493 ani·

304 3533 389 3576 mum
408 3512 515 3578 in‘alia
532 3515 675 3582 detorsit:
695 3519 824 3597 caelare,
843 3521 981 3609 pingere,
1001 3534 1110 3588 cantus
1126 3533 1179 3588 aut
1192 3524 1333 3609 regimen

305 3609 455 3690 equorum
473 3629 632 3685 exercere3
651 3619 681 3674 et
699 3611 866 3695 aliquando
885 3616 1075 3682 carminibus
1092 3617 1267 3703 pangendis
1284 3616 1334 3680 in-

307 3723 377 3768 esse
396 3701 455 3766 sibi
473 3701 626 3768 elementa
644 3705 802 3771 doctrinae
820 3709 1014 3776 ostendebat.

241 3823 243 3830 ·
270 3815 287 3861 4
370 3795 518 3861 Ceterum
535 3798 669 3887 peractis
692 3799 834 3865 tristitiae
856 3802 1057 3870 imitamentis
1077 3805 1195 3870 curiam
1212 3805 1334 3892 ingres·

237 3941 241 3951 .
305 3913 360 3956 sus
379 3892 465 3956 etde
483 3892 665 3958 auctoritate
687 3904 811 3980 patmm
829 3905 859 3960 et
877 3917 1032 3963 consensu
1054 3899 1188 3963 militum
1210 3898 1334 3984 praefa-

304 3993 369 4062 tus,
397 3986 526 4051 consilia
548 3987 608 4052 sibi
630 3998 661 4053 et
683 3990 826 4076 exempla
848 3991 1033 4076 capessendi
1059 3993 1184 4078 egregie
1210 3991 1333 4078 imperii

304 4079 497 4156 memoravit,
516 4101 618 4164 neque
631 4083 790 4149 iuventam
809 4086 903 4150 armis
918 4085 1133 4150 civilibus-aut
1151 4085 1332 4151 domesticis

305 4168 467 4235 discordiis
486 4173 626 4238 inbutam
632 4200 641 4253 ;
661 4176 747 4241 nulla
765 4179 849 4256 odia,
869 4179 969 4244 nullas
987 4179 1116 4244 iniurias
1135 4201 1193 4243 nee
1211 4178 1335 4264 cupidi-
