2958 4960
388 449 743 508 mmmmm
760 452 880 507 ιι-ιι.
1100 443 1145 508 63

98 556 118 594 p.
127 542 167 584 cn.
179 543 213 583 u.

98 623 198 677 torum
212 609 383 694 accipere3
398 629 437 672 ac
450 617 527 672 tune
534 605 700 673 Arminius
713 631 796 693 equo
807 609 1006 678 mannans
1017 623 1141 692 macta,

97 715 131 770 ut
150 725 308 789 quosque
330 703 485 772 adrectus
509 713 589 779 erat,
610 703 817 788 reciperatam
837 706 1027 784 Mem,
1048 710 1144 774 truti-

97 801 184 865 datas
207 799 378 886 legiones,
402 797 505 882 spolia
525 797 629 862 adbuc
650 808 683 862 ct
703 799 767 864 tela
786 800 940 866 Rounnis
960 801 1090 887 dflepta
1109 803 1143 866 in

97 894 245 960 manibus
270 892 450 957 multorum
472 891 665 969 ostentabat3
691 903 800 958 contra
824 893 972 980 fugacem
992 895 1144 960 Mambo-

97 990 194 1054 duum
211 987 403 1076 appellans,
421 985 611 1071 proeliorum
628 998 800 1072 expertem,
817 987 999 1072 Hercyniae
1014 989 1143 1054 latebris

97 1082 281 1160 defensum,
305 1103 343 1146 ao
355 1103 432 1146 mox
444 1101 502 1165 per
514 1081 597 1144 dona
613 1090 646 1144 et
657 1081 833 1167 legationes
849 1083 999 1167 petivisse
1016 1083 1142 1148 foedus:

98 1178 299 1263 proditorem
316 1174 448 1260 patriae,
467 1174 634 1240 satellitem
652 1173 801 1241 Caesaris
818 1175 904 1242 baud
920 1177 1024 1242 minus
1042 1177 1144 1242 insen-

100 1273 140 1338 sis
158 1271 282 1337 animis
304 1267 537 1334 exturbandum
551 1291 649 1352 quam
667 1268 789 1334 Varum
806 1270 996 1354 erintilium
1015 1271 1144 1336 interse-

99 1367 210 1444 cerint3
230 1363 460 1430 meminissent
475 1363 571 1428 modo
588 1373 635 1428 tot
650 1363 855 1447 proeliorum3
877 1387 1011 1448 quorum
1028 1375 1143 1430 eventu

100 1461 192 1526 etad
213 1469 422 1546 postremum
444 1458 552 1522 eiectis
569 1457 722 1522 Romanis
744 1460 822 1524 satis
842 1459 1023 1544 probatum,
1044 1481 1142 1546 penes

102 1566 185 1620 utros
205 1576 343 1620 summa
360 1552 434 1618 belli
451 1551 556 1616 fuerit.

160 1649 283 1733 Neque
298 1646 517 1712 Maroboduus
530 1645 680 1712 iactantia
692 1648 742 1712 sui
758 1659 814 1712 aut
829 1648 952 1734 probris
968 1651 1003 1714 in
1018 1650 1141 1716 hostem
1159 1671 1193 1717 ac

103 1743 301 1820 abstinebat,
321 1741 379 1806 sed
395 1739 633 1826 Inguiomerum
651 1751 761 1806 tenens
778 1742 832 1806 illo
847 1743 882 1808 in
898 1765 1027 1829 corpore
1043 1745 1141 1810 decus

102 1858 191 1901 omne
215 1835 475 1912 Chemscorum,
501 1833 586 1898 illins
609 1835 748 1900 consiliis
770 1845 862 1922 gesta
886 1859 969 1920 qnae
993 1859 1142 1923 prospere

104 1930 277 1995 ceciderint
299 1927 489 2006 testabatur3
512 1929 698 1994 vaecordem
714 1928 897 1994 Arminium
919 1941 951 1996 et
966 1953 1072 1995 rerum
1087 1953 1143 1996 ne-

104 2024 201 2088 scium
220 2023 364 2088 alienam
376 2021 509 2107 gloriam
526 2022 560 2086 in
577 2043 613 2087 se
626 2022 759 2102 trabere,
776 2023 926 2106 quoniam
943 2033 1007 2088 tres
1025 2045 1142 2088 vacuas

104 2115 245 2204 legiones
256 2128 291 2182 et
299 2118 414 2182 ducem
422 2117 543 2182 fraudis
552 2117 698 2203 ignarum
707 2117 839 2202 perfidia
847 2118 1014 2203 deceperit,
1027 2139 1143 2202 magna

105 2233 175 2276 cum
200 2211 297 2277 clade
324 2207 515 2276 Germaniae
541 2221 573 2274 et
597 2211 772 2298 ignominia
796 2234 869 2288 sua,
896 2233 971 2276 cum
994 2211 1141 2286 coniunx,

107 2326 176 2370 cum
192 2307 282 2370 filius
306 2305 375 2370 eius
393 2305 555 2370 servitium
577 2306 682 2370 adbuc
699 2306 845 2370 tolerent:
868 2313 902 2370 at
918 2328 954 2372 sc
975 2305 1142 2370 duodecim

107 2397 432 2508 legionibuspetitum
440 2399 829 2466 duceTiberioinlibatam
836 2397 1064 2466 Germanomm
1072 2399 1142 2486 glo-

107 2493 383 2569 damner-aviam,
393 2516 469 2559 mox
477 2493 709 2559 conditionibus
717 2494 827 2578 aequis
836 2495 1026 2572 discessum
1039 2515 1141 2578 neque

108 2588 267 2669 paenitere
289 2587 405 2671 quod
396 2610 537 2672 1psorum
553 2588 587 2652 in
604 2611 701 2652 manu
722 2589 777 2666 sit,
799 2589 957 2675 integrum
973 2590 1141 2654 adversum

109 2679 270 2747 Romanoa
283 2679 402 2746 bellum
415 2705 457 2746 an
468 2704 580 2768 pacem
592 2681 788 2748 incruentam
805 2684 924 2749 malint
945 2683 996 2748 his
1009 2681 1140 2748 vocibus

109 2773 272 2840 instinctos
295 2776 450 2840 exercitus
475 2776 619 2863 propriae
644 2799 770 2860 quoque
792 2800 906 2844 causae
928 2777 1139 2852 stimulabant,

110 2888 178 2933 cum
195 2893 216 2934 a
235 2867 407 2936 Cheruscis
424 2870 710 2956 Langobardisque
726 2894 785 2957 pro
802 2872 930 2955 antiquo
953 2872 1064 2936 decore
1086 2879 1141 2934 aul

111 2965 224 3029 recenti
236 2963 381 3029 libertate
395 2973 427 3029 et
444 2974 552 3030 contra
564 2965 728 3050 augendae
741 2965 945 3032 dominationi
961 2971 1139 3028 certaretur.

111 3077 171 3120 non
191 3059 272 3124 alias
295 3059 412 3124 maiore
434 3059 517 3124 mole
534 3081 723 3128 concursum
744 3050 848 3144 neque
870 3057 1020 3142 ambiguo
1037 3057 1139 3142 magis

113 3161 237 3230 eventu,
265 3150 346 3217 fusis
372 3153 528 3236 utrimque
555 3154 674 3219 deruis
700 3153 864 3231 comibus3
895 3150 1140 3236 sperabaturque

112 3263 233 3312 rursum
251 3268 373 3333 pugna,
395 3248 430 3312 ni
445 3247 663 3313 Maroboduus
682 3258 785 3314 castra
807 3247 841 3315 iu
859 3247 954 3313 colles
973 3243 1140 3310 subduxis-

115 3347 170 3403 set:
187 3340 221 3404 id
240 3341 367 3428 signum
379 3342 516 3427 perculsi
529 3341 603 3420 fuit3
622 3353 655 3406 et
671 3336 855 3429 transfugiis
873 3340 1023 3427 paulatim
1041 3339 1140 3405 nuda·

114 3439 159 3496 tus
172 3433 204 3498 in
217 3433 441 3502 Marcomanos
455 3436 611 3502 concessit
623 3435 771 3520 misitque
787 3436 908 3523 legatos
922 3435 963 3502 ad
977 3433 1139 3500 liberium

115 3537 250 3594 oraturos
276 3529 402 3594 auxilia
432 3552 621 3615 responsum
643 3539 692 3596 est
713 3554 778 3597 non
798 3531 866 3596 iure
888 3553 961 3596 eum
986 3530 1138 3596 adversus

116 3618 289 3690 Chertmcos
306 3648 394 3690 arma
409 3625 582 3692 Romana
572 3648 734 3704 mvocare,
753 3627 807 3711 qui
824 3626 994 3714 pugnantis
1011 3626 1046 3697 in
1062 3647 1138 3690 eun-

116 3713 180 3781 dem
201 3718 326 3785 bostem
348 3719 509 3786 Romanos
531 3720 618 3786 nulla
640 3743 700 3807 ope
722 3721 867 3801 iuvisset3
893 3721 1010 3786 missus
1032 3728 1138 3784 tamen

115 3806 249 3891 Drusus,
267 3824 304 3878 ut
320 3815 510 3893 rettulimus,
528 3838 599 3901 paci
590 3815 765 3882 ’.firmator

172 3905 296 3972 Eodem
313 3931 399 3975 anno
409 3909 575 3975 duodecim
589 3910 727 3976 celebres
741 3909 840 3976 Asiae
857 3907 951 3974 urbes
970 3907 1136 3992 conlapsae
1154 3927 1186 3974 ιι

116 4011 258 4068 nocturno
280 4013 369 4068 motu
391 4014 505 4082 terrae,
533 4026 597 4088 quo
618 4005 807 4091 inprovisior
829 4002 1015 4090 graviorque
1037 4001 1135 4087 pestis

117 4091 181 4174 luit3
202 4119 305 4182 neque
328 4097 455 4163 solitum
476 4099 510 4164 in
531 4099 585 4164 tali
603 4121 679 4164 caru
701 4099 854 4185 effugium
877 4095 1082 4164 subveniebat
1103 4097 1136 4162 in

116 4199 214 4272 aperta
230 4193 464 4279 prorumpendi,
483 4193 558 4278 quia
575 4193 710 4259 diductis
729 4194 817 4261 lenis
831 4189 1066 4260 hauriebantur:
1085 4215 1135 4258 se·
