3020 4964
339 392 402 460 300
685 400 870 460 CORNELII
884 398 1019 458 TACITI

1253 501 1274 532 a
1284 503 1306 532 a
1316 493 1366 534 siv.

337 561 574 632 mercimonium
586 561 686 626 inerat
697 581 761 645 quo
774 559 901 626 flamma
913 558 1015 636 alitur,
1030 559 1123 624 simul
1136 569 1265 646 coeptus
1279 562 1366 647 ignis

336 668 370 722 et
388 657 493 722 statim
510 655 633 721 validus
651 667 694 720 'ac
711 663 804 720 vento
826 654 907 719 citus
927 653 1155 739 longitudinem
1177 655 1252 720 circi
1269 656 1367 720 corri-

337 752 419 838 puit3
445 749 652 834 nequeenim
674 749 786 814 domus
813 748 1014 813 munimentis
1041 759 1148 835 septae
1169 749 1220 814 vel
1245 750 1367 835 templa

338 846 436 911 muris
462 846 564 910 cincta
589 853 644 909 aut
664 844 741 927 quid
762 843 848 908 aliud
873 865 979 908 morae
1005 843 1216 909 interiacebat
1242 845 1366 930 impetu

338 949 544 1026 pervagatum
559 938 739 1004 incendium
756 937 851 1024 plana
867 938 1012 1023 primum,
1031 937 1143 1002 deinde
1160 938 1194 1002 in
1211 938 1296 1004 edita
1312 961 1365 1002 as-

338 1055 485 1120 surgens,
512 1042 544 1098 et
568 1054 677 1097 rursus
703 1030 851 1096 inferiora
875 1029 1069 1116 populando,
1097 1031 1204 1096 anteiit
1224 1032 1366 1096 remedia

337 1129 502 1194 velocitate
519 1127 594 1193 mali
611 1137 642 1192 et
659 1126 797 1192 obnoxia
812 1125 890 1192 urbe
912 1127 987 1193 artis
1009 1126 1172 1192 itineribus
1189 1127 1315 1212 hucque
1334 1138 1365 1193 et

336 1226 411 1290 illuc
427 1225 517 1290 flexis
535 1233 629 1308 atque
646 1222 826 1288 enormibus
843 1223 932 1300 vicis,
951 1222 1052 1307 qualis
1070 1233 1161 1288 vetus
1176 1223 1282 1288 Roma
1293 1222 1364 1287 tirit.

337 1320 378 1386 ad
391 1319 451 1384 hoc
464 1319 601 1383 lamenta
615 1318 797 1403 paventium
811 1315 1039 1403 [feminarum],
1057 1316 1144 1382 tbssa
1163 1314 1295 1403 [aetate]
1311 1327 1365 1381 aut

336 1413 424 1478 rudis
448 1409 628 1499 [pueritiae]
652 1421 752 1488 aetas,
779 1411 897 1496 quique
919 1410 980 1476 sibi
997 1411 1115 1495 quique
1132 1411 1201 1476 aliis
1218 1411 1365 1476 conside-

337 1505 427 1584 bant,
450 1507 527 1570 dum
544 1505 670 1572 trabunt
687 1505 842 1570 invalidos
860 1514 915 1572 aut
932 1505 1147 1592 opperiuntur,
1173 1526 1247 1591 pars
1266 1528 1363 1582 mora,

334 1624 409 1687 pars
427 1601 595 1678 festinans,
613 1611 727 1666 cuncta
743 1599 965 1685 impediebant.
983 1609 1016 1666 et
1033 1622 1140 1686 saepe,
1158 1600 1235 1663 dum
1253 1600 1366 1668 inter·

335 1703 605 1781 gumrespectant,
620 1693 770 1759 lateribus
782 1704 837 1758 aut
849 1693 952 1759 fronte
961 1692 1296 1770 circumveniebantur,
1314 1692 1366 1758 vel

336 1789 364 1854 si
380 1788 413 1854 in
429 1787 574 1875 proxima
593 1797 767 1865 evaserant,
785 1788 847 1853 illis
865 1788 991 1872 quoque
1007 1789 1074 1875 igni
1091 1788 1251 1874 correptis,
1270 1787 1366 1852 etiam

336 1905 417 1968 quae
442 1883 616 1970 longinqua
646 1883 842 1948 crediderant
867 1883 901 1946 in
927 1882 1038 1947 eodem
1060 1904 1137 1947 casu
1153 1880 1365 1966 reperiebant:

335 1987 508 2062 postremo,
527 1976 603 2061 quid
619 1974 779 2054 vitarent,
794 1977 870 2060 quid
891 1985 1033 2062 peterent
1049 1974 1189 2062 ambigui
1208 1974 1367 2060 complere

335 2073 418 2150 vias,
438 2072 535 2137 sterni
554 2069 613 2156 per
630 2093 738 2157 agros3
764 2070 894 2154 quidam
912 2069 1037 2136 amissis
1055 2070 1201 2136 omnibus
1218 2069 1366 2146 fortunis,

335 2165 439 2230 diurni
451 2187 576 2250 quoque
589 2166 701 2243 vietus,
720 2165 774 2230 alii
787 2165 915 2230 caritate
929 2187 1067 2242 suorum,
1082 2185 1161 2249 quos
1175 2164 1298 2250 eripere
1309 2185 1366 2228 ne-

335 2260 513 2344 quiverant,
544 2260 688 2343 quamvis
710 2268 836 2344 patente
859 2259 977 2347 effugio
1004 2258 1158 2324 interiere.
1192 2281 1253 2324 nec
1279 2258 1367 2342 quis-

335 2376 431 2436 quam
449 2353 616 2419 defendere
635 2353 784 2431 audebat,
812 2352 928 2418 crebris
950 2353 1120 2418 multorum
1141 2353 1234 2417 minis
1253 2351 1367 2416 restin-

335 2471 431 2532 guere
449 2447 692 2534 prohibentium,
711 2457 743 2513 et
759 2447 833 2533 quia
850 2448 903 2513 alii
918 2447 1024 2533 palam
1041 2447 1128 2514 laces
1144 2445 1302 2512 iaciebant
1320 2455 1369 2510 at-

335 2564 398 2624 que
425 2563 495 2606 esse
521 2540 583 2606 sibi
610 2552 770 2607 auctorem
796 2541 1061 2620 vociferabantur,
1098 2542 1165 2606 sive
1195 2550 1230 2606 ut
1256 2549 1367 2627 raptus

334 2635 478 2700 licentius
498 2646 687 2714 exercerent,
707 2659 764 2702 seu
781 2638 881 2704 iussu.

285 2751 316 2798 au
398 2727 450 2793 Eo
472 2729 505 2793 in
527 2739 666 2815 tempore
688 2731 772 2797 Nero
789 2730 880 2798 Antii
902 2755 999 2819 agens
1021 2755 1085 2797 non
1107 2742 1178 2796 ante
1200 2731 1233 2796 in
1255 2727 1368 2794 urbem

333 2845 496 2910 regressus
514 2833 562 2889 est
584 2845 680 2908 quam
699 2825 806 2890 domui
827 2826 908 2903 eius,
932 2848 995 2910 qna
1015 2825 1166 2911 palatium
1188 2833 1221 2889 et
1236 2821 1368 2888 Maece

333 2917 415 2983 natis
433 2917 540 2984 hortos
563 2919 810 2997 continuaverat,
834 2921 916 3007 ignis
937 2921 1175 3006 propinquaret3
1196 2939 1301 3002 neque
1318 2925 1368 2982 ta·

334 3035 407 3078 men
425 3013 493 3080 sisti
509 3014 620 3100 potuit,
643 3014 719 3098 quin
737 3023 769 3079 et
784 3014 936 3099 palatium
953 3025 985 3080 et
997 3015 1110 3080 domus
1127 3023 1160 3078 et
1177 3021 1291 3078 cuncta
1308 3011 1369 3076 cir-

334 3131 407 3174 cum
429 3108 635 3174 haurirentur.
664 3109 720 3174 sed
743 3109 888 3175 solatium
908 3110 1025 3197 populo
1047 3107 1212 3174 exturbato
1233 3129 1273 3172 ac
1295 3128 1370 3192 pro-

333 3203 411 3290 fugo
425 3225 571 3290 eampum
584 3203 698 3270 Martis
712 3226 749 3269 ac
761 3215 964 3270 monumenta
975 3205 1148 3290 Agrippae,
1167 3202 1275 3267 hortos
1289 3200 1368 3284 quin

218 3317 222 3328 ’
334 3296 428 3360 etiam
455 3320 529 3362 suos
554 3297 704 3382 patefecit
725 3307 757 3364 et
779 3298 929 3364 subitaria
954 3299 1096 3364 aedificia
1121 3296 1259 3362 extruxit
1285 3317 1368 3378 quae

335 3388 567 3454 multitudinem
584 3391 710 3476 inopem
728 3393 912 3478 acciperent,
932 3391 1144 3476 subvectaque
1161 3389 1308 3455 utensilia
1325 3387 1368 3453 ab

335 3479 429 3546 Ostia
442 3492 473 3546 et
485 3483 668 3568 propinquis
682 3487 870 3573 municipiis,
888 3488 1085 3574 pretiumque
1100 3483 1250 3550 frumenti
1263 3483 1369 3547 minu-

333 3586 401 3642 tum
414 3598 515 3660 usqua
529 3577 570 3642 ad
583 3587 688 3646 ternos
703 3603 858 3647 nummos.
881 3604 973 3666 quae,
987 3603 1178 3666 quamquam
1191 3575 1368 3665 popularia,

333 3673 367 3737 in
383 3672 504 3738 irritum
522 3673 690 3753 cadebant,
713 3676 788 3760 quia
804 3685 986 3764 pervaserat
1007 3697 1114 3742 rumor
1135 3674 1206 3760 ipso
1225 3682 1369 3756 tempore

333 3767 495 3855 flagrantis
518 3768 605 3835 urbis
631 3770 728 3836 inisse
751 3793 824 3835 eum
846 3771 1050 3836 domesticam
1076 3790 1204 3834 scenam
1226 3777 1259 3833 et
1284 3766 1368 3832 oeci-

333 3862 421 3928 nisse
439 3862 613 3928 Troianum
631 3865 801 3942 excidium,
823 3865 1001 3949 praesentia
1018 3863 1101 3929 mala
1118 3862 1251 3928 vetustis
1270 3860 1369 3926 cladi-

333 3955 393 4022 bus
412 3957 662 4024 adsimulantem.

283 4069 317 4116 40
400 4047 499 4116 Sexto
521 4051 648 4118 demum
670 4054 721 4119 die
743 4054 828 4139 apud
848 4055 928 4120 imas
946 4053 1108 4138 Esquilias
1130 4051 1202 4118 linis
1220 4048 1367 4116 incendio

333 4140 446 4220 factus,
465 4147 621 4231 proruptis
635 4168 692 4232 per
699 4149 877 4216 inmensum
890 4148 1050 4227 aedificiis,
1068 4157 1103 4212 ut
1118 4146 1284 4214 continuae
1298 4143 1367 4208 vio·
