2958 4960
381 465 588 524 cunamen
606 465 680 550 mn.
695 467 731 522 11.
749 469 869 524 ae-ac.
1092 461 1133 524 67

107 574 125 612 p.
133 561 170 602 ch.
179 563 211 600 18.

107 629 247 713 concepit
281 638 317 691 et
340 624 503 714 ¹ferebatur
525 623 714 691 Germanico
740 648 796 711 per
817 627 981 714 ambages,
1009 639 1042 693 ut
1064 653 1133 696 mos

105 722 242 800 oraculis,
263 717 432 785 maturum
450 719 578 783 exitium
597 719 757 784 cecinisse.

159 815 204 880 At
223 815 287 880 Cn.
308 815 407 891 Piso,
426 834 489 896 quo
506 812 722 898 properantius
740 814 895 880 destinata
911 816 1073 902 inciperet,
1092 819 1135 883 ci·
1153 841 1185 888 aa
1275 811 1279 819 ⁸

104 910 221 976 vitatem
239 907 496 974 Atheniensium
515 907 637 971 turbido
655 907 782 973 incessu
800 909 978 974 exterritam
996 912 1134 977 oratione

104 1027 190 1070 saeva
210 1005 378 1088 increpat,
401 1000 527 1084 oblique
551 997 774 1066 Germanicum
795 1003 1023 1090 perstringens,
1051 1007 1135 1088 quod

104 1108 202 1162 contra
224 1097 330 1162 decus
351 1094 488 1160 Romani
510 1094 644 1166 nominis
668 1117 731 1160 non
747 1094 959 1162 Athenienses
978 1108 1023 1163 tot
1040 1099 1136 1164 cladi·

105 1190 156 1255 bus
172 1191 352 1268 extinctos,
376 1189 434 1254 sed
451 1187 627 1253 conluviem
644 1187 730 1253 illam
746 1190 908 1254 nationum
926 1192 1071 1258 comitate
1087 1194 1136 1257 ni-

105 1285 346 1350 miaooluisset:
365 1283 423 1348 hos
442 1282 525 1346 enim
542 1303 614 1346 ease
626 1280 818 1349 Mitlnidatis
836 1285 987 1351 adversus
1002 1284 1133 1365 Sullam,
1167 1361 1170 1368 ¹

105 1377 228 1444 Antonii
250 1377 413 1442 adversus
436 1376 544 1440 divum
566 1373 750 1462 Augustum
773 1378 890 1457 socios3
913 1379 1007 1445 etiam
1029 1389 1135 1446 vetera

106 1471 291 1549 obiectabat,
322 1492 406 1556 quae
432 1470 465 1534 in
485 1469 678 1535 Macedones
705 1471 899 1558 inprospere,
926 1473 1077 1539 violenter
1101 1475 1135 1540 in

108 1587 174 1630 suos
200 1566 375 1643 fecissent,
407 1563 547 1630 offensus
574 1563 644 1629 urbi
669 1566 794 1650 propria
820 1588 944 1652 quoque
969 1569 1029 1646 ira,
1060 1569 1135 1652 quia

107 1658 318 1745 Theophilum
342 1659 499 1743 quendam
520 1656 607 1723 Areo
629 1658 745 1723 indicio
766 1659 839 1725 falsi
861 1662 1042 1728 damnatum
1063 1683 1134 1748 pre·

108 1752 187 1818 cibus
209 1753 279 1818 suis
305 1774 373 1818 non
399 1753 613 1818 concederent.
646 1752 719 1816 exin
738 1755 938 1840 navigatione
964 1756 1057 1821 celeri
1077 1779 1134 1841 per

108 1844 257 1930 Cycladas
272 1858 308 1912 et
322 1846 510 1931 compendia
522 1846 617 1911 maris
626 1846 809 1931 adsequitur
818 1846 1040 1914 Germanicum
1050 1850 1134 1934 apud

109 1939 233 2006 insulam
259 1939 431 2018 Rhodum,
458 1940 544 2005 haud
568 1940 710 2006 nescium
735 1941 850 2024 quibus
876 1943 1134 2008 insectationibus

108 2035 214 2117 petitus
232 2036 335 2102 foret:
354 2036 409 2100 sed
422 2044 509 2100 tanta
526 2034 764 2100 mansuetudine
783 2035 897 2121 agebat
914 2044 958 2113 ut,
977 2057 1049 2100 cum
1067 2045 1135 2101 orta

110 2136 271 2213 tempestas
294 2137 421 2213 raperet
442 2127 474 2192 in
496 2126 628 2212 abrupta
652 2137 823 2212 possetque
848 2128 991 2192 interitus
1017 2128 1135 2192 inimici

110 2221 145 2284 ad
160 2244 269 2288 casum
286 2223 408 2300 referri,
427 2221 547 2288 miserit
563 2221 697 2286 triremis
715 2242 849 2304 quarum
867 2221 1008 2288 subsidio
1025 2222 1135 2286 discri-

112 2315 179 2379 mini
195 2318 396 2382 eximeretur.
419 2337 521 2399 neque
543 2324 649 2380 tamen
670 2315 831 2401 mitigatus
849 2315 926 2382 Piso
948 2326 980 2382 ct
1001 2315 1055 2381 vix
1072 2315 1134 2381 diei

112 2433 220 2478 moram
246 2436 421 2501 perpessus
446 2412 560 2496 linquit
587 2408 809 2477 Germanicum
835 2413 1072 2499 praevenitque3
1103 2422 1134 2478 et

113 2517 269 2590 postquam
294 2507 422 2593 Syriam
444 2529 481 2572 ao
502 2507 642 2593 legiones
665 2507 782 2593 attigit,
803 2506 980 2594 largitione,
1003 2506 1132 2586 ambitu,

114 2597 226 2666 infimos
248 2601 493 2686 manipularium
510 2600 663 2677 iuvando,
685 2622 759 2665 oum
781 2610 902 2668 veteres
925 2602 1133 2678 centuriones,

115 2713 228 2761 severos
246 2697 391 2762 tribunos
409 2695 590 2760 demoveret
605 2695 737 2780 locaque
755 2717 864 2762 eornm
882 2693 1047 2762 clientibus
1066 2697 1132 2761 suis

114 2785 157 2850 vel
177 2790 345 2856 deterrimo
367 2789 479 2874 cuique
501 2789 696 2867 attribueret,
720 2791 872 2855 desidiam
894 2791 927 2854 in
949 2791 1073 2867 castris,
1096 2789 1134 2852 li-

117 2883 237 2948 centiam
255 2886 290 2950 in
308 2883 453 2961 urbibus,
471 2905 587 2969 vagum
605 2905 642 2948 ao
659 2883 873 2949 lascivientem
891 2907 948 2969 per
964 2906 1057 2970 agros
1075 2883 1134 2946 mi-

117 2970 193 3040 litem
209 2979 339 3057 sineret,
364 3000 401 3042 eo
418 2999 519 3062 usque
542 2977 747 3062 corruptionis
766 2987 932 3062 pmveotns
950 2987 999 3041 est
1016 2985 1051 3040 nt
1068 2997 1134 3038 scr-

117 3088 197 3136 mone
217 3073 308 3159 vulgi
329 3095 441 3159 parens
464 3072 624 3158 legionum
645 3071 821 3137 haberetur.
849 3091 908 3134 nec
924 3069 1078 3132 Plancina
1099 3089 1134 3131 se

117 3158 186 3228 intra
198 3167 313 3233 decora
325 3166 450 3231 seminis
465 3165 600 3244 tenebat,
619 3167 676 3231 sed
694 3165 842 3230 exercitio
856 3165 1005 3247 equitum,
1025 3163 1135 3226 decur-

120 3253 194 3323 sibus
206 3261 381 3326 cohortium
398 3260 559 3337 interesse,
577 3260 610 3323 in
623 3258 844 3347 Agrippinam,
863 3258 897 3322 in
910 3255 1134 3323 Germanicum

119 3357 310 3420 contumelias
327 3356 437 3432 iacere,
456 3353 645 3438 quibusdam
663 3355 757 3420 etiam
770 3353 924 3419 bonorum
941 3351 1075 3416 militum
1093 3351 1135 3416 ad

119 3444 190 3510 mala
208 3449 361 3533 obsequia
378 3449 545 3534 promptis,
569 3449 654 3531 qnod
675 3448 761 3526 haud
777 3447 875 3512 invito
892 3447 1078 3534 imperatore
1096 3468 1135 3511 ea

120 3532 175 3602 fieri
191 3544 331 3608 occultus
348 3565 455 3608 rumor
471 3541 646 3607 incedebat.
669 3552 744 3607 nota
761 3543 840 3608 haec
854 3539 1057 3620 Germanioo;
1077 3535 1133 3606 sed

119 3638 258 3710 praeverti
275 3638 317 3702 ad
334 3636 502 3702 Armenios
520 3636 685 3702 instantior
702 3658 777 3700 cura
793 3636 862 3701 fnit.

172 3725 333 3817 Ambigua
349 3753 427 3818 gens
445 3752 484 3796 ea
501 3730 672 3814 antiquitus
690 3729 852 3794 hominnm
868 3730 1003 3815 ingeniis
1022 3737 1054 3792 et
1071 3728 1134 3791 situ
1151 3746 1182 3794 56

121 3821 270 3902 tenuram,
294 3825 443 3908 quoniam
464 3825 580 3890 nostris
598 3824 767 3909 provinciis
790 3825 852 3889 late
869 3830 1030 3908 praetenta
1046 3820 1134 3905 peni-

122 3915 162 3975 ωε
181 3917 219 3982 ad
239 3917 355 3984 Medos
377 3919 560 4005 porrigitnr3
586 3919 794 4002 maximisque
821 3915 959 4002 imperiis
981 3914 1133 3978 interiecti

121 4015 145 4068 et
159 4016 279 4100 saepius
302 4016 464 4082 discordes
487 4025 574 4092 sunt,
598 4015 749 4079 adversus
767 4014 929 4078 Romanos
952 4009 1024 4076 odio
1047 4017 1079 4073 et
1099 4009 1133 4073 in

122 4095 257 4174 Parthum
283 4111 411 4176 invidia.
447 4130 554 4198 regem
580 4109 635 4174 illa
660 4116 844 4194 tempestate
876 4129 938 4171 non
964 4102 1132 4182 habebant,

122 4211 208 4267 moto
225 4203 374 4284 Vonone3
393 4206 449 4272 sed
467 4206 557 4272 favor
574 4203 709 4269 nationis
726 4201 895 4268 inclinabat
911 4201 944 4266 in
962 4200 1131 4278 Zenonem,

921 4313 938 4366 5
945 4309 962 4344 ἤ
