3042 4956
240 543 242 546 Ι
416 419 936 513 33313133333331-33.
1125 443 1187 510 211

147 559 172 599 a.
182 547 230 589 cn.
241 549 273 588 so.

220 617 307 680 Itum
328 613 405 680 inde
421 613 455 677 in
474 609 609 689 Siluras,
633 633 728 696 super
743 611 902 697 propriam
924 611 1073 678 ferociam
1092 612 1191 680 Cara·
1208 634 1241 682 33

147 712 219 776 taci
231 709 354 774 viribus
367 707 513 784 confisos,
532 728 626 790 quem
640 705 739 770 multa
752 705 910 794 ambigua,
928 707 1028 772 multa
1040 731 1191 794 prospera

147 803 349 880 extulerant,
367 811 403 867 ut
420 810 540 867 ceteros
557 799 780 864 Britannorum
796 799 1000 885 imperatores
1017 802 1192 886 praemine-

146 909 216 964 ret:
238 899 386 963 sedtum
405 891 505 982 [astu]
524 894 665 959 locorum
686 893 797 958 fraude
818 895 916 979 prior,
938 894 972 960 vi
992 895 1126 960 militum
1143 895 1192 959 in-

147 993 259 1070 ferior,
276 992 429 1056 transfert
441 988 559 1054 bellum
573 988 607 1052 in
620 985 808 1066 Ordouicas,
823 987 999 1073 additisque
1013 989 1067 1073 qui
1079 1010 1191 1074 pacem

146 1097 298 1153 nostram
316 1083 506 1161 metuebant,
525 1082 732 1148 novissimum
750 1104 859 1148 casum
878 1083 1045 1168 experitur,
1065 1091 1191 1168 sumpto
1208 1111 1210 1114 ·

148 1182 197 1246 ad
212 1179 372 1267 proelium
393 1178 476 1255 loco,
499 1186 534 1241 ut
552 1176 670 1254 aditus,
695 1176 878 1254 abscessus,
901 1186 1013 1242 cuncta
1034 1176 1126 1244 nobis
1142 1177 1191 1241 in-

148 1287 292 1360 portuna
310 1283 342 1338 et
361 1273 426 1338 suis
444 1271 477 1336 in
494 1267 607 1337 melius
622 1281 737 1349 essent,
755 1271 829 1336 bino
845 1271 1005 1337 montibus
1023 1273 1140 1350 arduis,
1159 1280 1191 1337 et

151 1370 261 1454 siqua
275 1368 446 1432 clementer
457 1366 565 1432 accedi
576 1373 730 1450 poterant,
745 1365 778 1428 in
790 1365 920 1431 modum
928 1365 1003 1432 valli
1016 1389 1093 1432 saxa
1100 1387 1191 1452 prae-

152 1464 265 1540 struit;
279 1472 312 1527 et
320 1461 513 1548 praefluebat
522 1460 623 1525 amnis
637 1460 720 1525 vado
729 1459 856 1538 incerto,
872 1469 1077 1545 catervaeque
1087 1483 1191 1526 arma-

153 1569 260 1623 torum
278 1579 336 1643 pro
349 1555 549 1620 mummeutis
564 1555 775 1619 constiterant.
799 1555 840 1620 ad
853 1554 913 1620 hoc
925 1556 1065 1642 gentium
1080 1555 1189 1620 ducto·
1207 1570 1240 1620 33

152 1675 205 1717 res
234 1651 414 1727 circumim,
441 1649 572 1726 hortari,
599 1649 724 1714 firmare
749 1649 871 1714 animos
896 1650 1066 1716 minuendo
1091 1658 1187 1726 metu,

154 1745 360 1812 accendenda
377 1766 447 1829 spe,
466 1744 598 1826 aliisque
616 1741 690 1807 belli
706 1743 929 1808 incitamentis:
949 1744 1107 1810 enimvero
1126 1742 1190 1808 Ca-

154 1849 282 1904 ratacus
300 1839 364 1902 huc
380 1838 455 1902 illuc
468 1837 602 1902 volitans
615 1836 704 1900 illum
721 1836 814 1914 diem,
832 1837 919 1901 illam
936 1838 1035 1904 aciem
1053 1836 1190 1902 testaba-

155 1943 206 1998 tur
223 1942 281 1998 aut
297 1931 529 2016 recuperandae
546 1929 698 1996 libertatis
716 1940 771 1994 aut
793 1930 950 1994 servitutis
969 1941 1114 1994 aeternae
1131 1929 1190 1993 ini-

155 2027 236 2091 tium
258 2027 342 2105 fore3
368 2025 564 2108 vocabatque
585 2024 714 2089 nomina
735 2023 903 2100 maiorum,
930 2023 985 2106 qui
1006 2022 1189 2086 dictatorcm

157 2120 330 2188 Caesarem
352 2120 560 2205 pepulissent,
583 2140 718 2201 quorum
739 2116 854 2180 virtute
877 2116 1005 2181 vacuia
1027 2114 1189 2180 securibus

156 2226 187 2281 et
204 2215 330 2280 tributis
348 2215 532 2280 intemerata
546 2213 716 2298 coniugum
734 2221 765 2276 et
782 2210 952 2276 liberorum
969 2231 1100 2295 corpora
1116 2209 1190 2274 reti-

156 2320 275 2375 nerent.
298 2310 377 2374 haec
395 2318 488 2392 atque
506 2308 580 2373 talia
598 2306 713 2372 dicenti
731 2306 909 2390 adstrepere
927 2305 1057 2390 vulgus3
1080 2303 1189 2390 gentili

156 2405 291 2489 quisque
303 2404 454 2490 religione
472 2402 636 2488 obstringi,
654 2424 718 2466 non
735 2401 820 2479 telis,
838 2423 902 2466 non
920 2398 1102 2465 vtdncribus
1120 2420 1189 2484 ces-

157 2521 259 2564 suros.

222 2591 446 2677 Obstupefecit
463 2613 500 2656 ea
518 2589 660 2656 3133331133
679 2589 791 2672 ducem
808 2588 1002 2666 Romanum3
1021 2585 1114 2653 simul
1132 2584 1188 2651 ob-
1206 2606 1238 2654 35

155 2687 256 2752 iectus
275 2687 390 2765 amuis,
409 2686 552 2750 additum
569 2684 696 2762 vallum,
715 2683 908 2748 imminentia
924 2684 1014 2770 iuga,
1032 2682 1110 2748 nihil
1127 2682 1188 2746 nisi

156 2792 246 2846 atrox
259 2789 291 2845 et
303 2778 588 2866 propugnatoribus
602 2779 750 2862 frequens
764 2778 900 2842 terrebat
904 2803 913 2855 3
928 2778 985 2842 sed
998 2777 1088 2840 miles
1097 2798 1188 2861 proe-

155 2876 234 2940 lium
250 2897 390 2962 poscere,
410 2883 523 2940 cuncta
540 2875 653 2938 virtute
667 2869 890 2958 expugnabilia
907 2870 1080 2946 clamitare3
1098 2891 1188 2953 prac-

156 2970 295 3054 fectique
313 2982 341 3034 et
358 2969 473 3034 tribuni
490 2968 578 3054 paria
600 2968 789 3032 drsserentes
807 2964 950 3028 ardorem
969 2962 1123 3026 exercitus
1140 2963 1188 3025 in-

156 3063 337 3128 tendebant.
356 3072 424 3128 tum
437 3060 594 3140 Ostorius,
609 3058 844 3144 circumspectis
858 3078 939 3140 quae
951 3054 1188 3140 mpenetrabilia

156 3178 301 3240 quaeque
317 3157 435 3242 pervia,
454 3156 540 3221 ducit
552 3155 695 3220 infensos
713 3172 900 3235 amnemque
917 3149 1003 3214 haud
1020 3146 1188 3212 difficulter

158 3250 278 3327 evadit3
299 3250 355 3315 ubi
370 3259 500 3316 ventum
518 3251 559 3316 ad
576 3270 739 3336 aggerem,
764 3248 841 3310 dum
857 3242 1029 3310 missilibus
1048 3240 1188 3306 certaba-

157 3354 218 3420 tur,
236 3343 309 3428 plus
322 3345 487 3408 vulnerum
503 3344 537 3409 in
553 3365 611 3408 nos
630 3352 662 3407 et
678 3341 845 3427 pleraeque
863 3339 975 3404 caedes
994 3335 1186 3403 oriebantur:

156 3447 325 3523 postquam
342 3436 427 3502 facta
444 3437 600 3503 testudine
617 3437 711 3501 rudes
730 3443 762 3500 et
777 3435 927 3500 informes
946 3454 1095 3499 saxorum
1113 3453 1187 3496 con-

156 3554 256 3617 pages
274 3531 441 3596 distractae
456 3553 575 3617 parque
589 3531 763 3596 comminus
782 3529 875 3607 acies,
893 3529 1044 3595 decedere
1061 3524 1187 3593 barbari

156 3628 190 3691 in
207 3628 283 3712 iuga
300 3627 467 3705 montium;
486 3627 543 3691 sed
560 3649 599 3690 co
616 3647 740 3709 quoque
757 3625 896 3711 irrupere
913 3621 1098 3688 ferentarius
1115 3643 1188 3704 gra—

156 3721 268 3803 tisque
285 3721 390 3798 miles,
409 3721 455 3784 illi
472 3721 541 3785 telis
560 3720 767 3796 adsultantes,
785 3718 819 3781 hi
836 3717 976 3782 conferto
993 3714 1104 3799 gradu,
1124 3723 1188 3774 tur-

155 3814 239 3880 batis
257 3825 367 3880 contra
383 3814 604 3879 Britannorum
622 3813 793 3888 ordinibus,
812 3810 897 3896 apud
914 3831 993 3891 quos
1012 3805 1098 3870 nulla
1114 3804 1187 3866 lori-

155 3931 264 3973 carum
281 3910 482 3996 galearumve
500 3909 652 3995 tegmina3
676 3917 706 3972 et
725 3907 753 3970 si
774 3902 977 3970 auxiliaribus
995 3899 1184 3974 resisterent,

155 4004 270 4089 gladiis
288 4027 325 4068 ac
342 4005 416 4088 pilis
432 4003 687 4090 legionariorum,
707 4001 735 4064 si
752 4000 815 4064 huc
831 4003 997 4072 verterent,
1017 3992 1136 4078 spathis
1156 4000 1187 4054 ct

155 4098 254 4163 hastis
273 4098 472 4163 auxiliarium
489 4096 715 4162 sternebantur.

220 4193 317 4260 Clara
334 4215 373 4258 ea
389 4192 520 4258 victoria
536 4192 610 4269 fuit,
634 4197 787 4275 captaque
804 4208 884 4254 uxor
901 4192 933 4250 31
948 4183 1013 4248 filia
1031 4180 1185 4258 Carataci,
1205 4201 1237 4250 31

954 4284 1014 4350 14*
