2960 4962
326 443 389 510 140
671 445 856 504 CORNELII
868 445 1000 502 TAGITI

1242 547 1295 580 an.
1306 541 1360 582 779.

322 615 406 690 eius,
428 599 604 697 postulatur
621 612 786 670 accusante
804 603 946 669 Domitio
963 601 1060 670 Afro:
1082 605 1110 670 is
1132 627 1243 671 recens
1261 629 1361 692 prae·

323 717 406 784 tura,
437 702 580 768 modicus
606 697 793 784 dignationis
820 705 852 762 et
877 719 1005 781 quoquo
1031 696 1170 763 facinore
1196 721 1358 784 properus

323 801 506 874 clarescere,
533 795 650 860 crimen
670 790 885 877 inpudicitiae,
908 791 1084 856 adulterum
1104 791 1274 871 Furnium,
1298 816 1360 859 ve-

243 947 249 954 .
322 892 434 960 neficia
454 891 488 955 in
508 887 680 974 principem
701 893 733 950 et
753 884 935 950 devotiones
958 884 1144 952 obiectabat.
1171 883 1359 972 Agrippina

323 1007 447 1070 semper
463 992 566 1060 atrox,
584 989 651 1045 tum
669 987 700 1042 et
716 977 853 1063 periculo
869 978 1064 1064 propinquae
1082 1000 1229 1058 aceensa,
1247 982 1357 1067 pergit

323 1081 365 1147 ad
381 1077 551 1162 Tiberium,
570 1071 704 1140 neforto
722 1070 949 1138 sacrificantem
965 1073 1047 1158 patri
1064 1073 1193 1158 reperite
1211 1095 1275 1157 quo
1292 1075 1357 1140 ini-

323 1176 366 1240 tio
383 1172 531 1248 invidiae,
549 1191 613 1233 non
630 1165 770 1232 eiusdem
788 1165 831 1230 ait
848 1175 984 1230 mactare
1002 1166 1075 1231 divo
1092 1164 1243 1253 Angusto
1261 1167 1357 1234 victi-

323 1290 390 1333 mas
413 1274 444 1330 et
460 1273 602 1350 posteros
625 1260 692 1326 eius
713 1259 873 1336 insectari3
899 1259 1014 1325 nonin
1035 1259 1158 1346 effigies
1179 1269 1286 1326 mutas
1305 1262 1356 1326 di-

322 1361 429 1426 vinum
448 1357 591 1444 spiritum
603 1351 810 1430 transfusum3
829 1352 886 1417 sed
899 1353 1073 1438 imaginem
1084 1375 1202 1432 veram,
1221 1355 1354 1421 caelesti

323 1452 474 1538 sanguine
499 1459 600 1514 ortam
623 1446 804 1532 intellegere
829 1445 1010 1524 discrimen,
1039 1447 1198 1532 suscipere
1224 1448 1351 1526 sordes;

322 1537 437 1612 frustra
448 1542 619 1609 Pulchram
635 1538 815 1625 praescribi,
834 1540 885 1604 oui
903 1530 971 1606 sola
987 1540 1074 1609 exitii
1091 1563 1188 1607 causa
1206 1542 1248 1606 sit
1264 1543 1352 1626 quod

321 1639 530 1726 Agrippinam
548 1636 640 1702 stulte
657 1657 785 1720 prorsus
804 1635 845 1700 ad
862 1635 981 1699 cultum
998 1634 1157 1722 delegerit,
1176 1636 1276 1702 oblita
1290 1635 1353 1703 So-

322 1735 387 1802 siae
404 1731 445 1797 ob
463 1731 573 1796 eadem
585 1727 738 1794 adflictae.
761 1728 867 1793 andita
880 1728 959 1794 baec
970 1751 1073 1794 raram
1086 1729 1200 1795 occulti
1213 1731 1351 1815 pectoris
1371 1732 1377 1746 '

321 1849 431 1894 vocem
444 1826 593 1902 elicuere;
609 1829 844 1908 correptamque
859 1820 982 1890 Graeco
999 1845 1094 1889 versu
1106 1824 1270 1889 admonuit
1287 1847 1352 1890 non

321 1923 393 1988 ideo
413 1919 510 1997 laedi,
532 1918 608 2002 quia
628 1938 691 1983 non
712 1924 866 2002 regnaret
897 1915 1035 1982 Pulchra
1052 1926 1084 1982 et
1099 1915 1238 1984 Furnius
1262 1917 1351 1982 dam-

322 2024 443 2082 nantur.
474 2011 556 2080 Afer
571 2008 758 2097 primoribus
776 2017 934 2074 oratorum
951 2010 1101 2087 additus,¹
1117 2010 1281 2097 divulgato
1303 2012 1352 2076 in-

322 2111 416 2198 genio
437 2117 469 2174 et
486 2115 593 2175 secuta
614 2103 848 2170 adseveratione
867 2101 1027 2181 Caesaris,
1052 2124 1114 2186 qna
1136 2126 1194 2170 suo
1216 2105 1285 2171 iure
1303 2105 1351 2168 di-

323 2214 440 2270 sertum
466 2223 539 2268 eum
565 2196 746 2284 appellavit3
772 2219 847 2262 mox
868 2197 1068 2282 capessendis
1095 2197 1350 2264 accusationibus

323 2309 378 2365 aut
401 2320 472 2363 reos
498 2295 628 2360 tutando
653 2293 848 2378 prosperiore
878 2293 1074 2376 eloquentiae
1104 2315 1200 2377 quam
1225 2317 1350 2360 morum

322 2394 408 2457 fama
433 2390 505 2466 fuit,
531 2387 593 2452 nisi
618 2387 703 2470 quod
729 2395 815 2452 aetas
841 2396 981 2452 extrema
1005 2387 1138 2452 multum
1164 2388 1259 2452 etiam
1285 2389 1351 2454 elc-

322 2485 466 2570 qnentiae
488 2481 635 2567 dempsit,
659 2481 736 2546 dum
756 2481 844 2548 fessa
865 2491 977 2548 mente.
991 2482 1103 2548 retinet
1124 2481 1239 2548 silentii
1259 2483 1351 2570 inpa-

321 2579 471 2644 tientiam.

272 2696 304 2744 53
371 2669 432 2736 ,Αἱ
441 2668 617 2756 Agrippina
625 2669 773 2754 pervicax
785 2671 850 2736 irae
863 2680 894 2736 et
906 2671 1017 2737 morbo
1029 2671 1167 2757 corporis
1179 2671 1349 2757 implicata,

322 2789 396 2833 cnm
415 2765 530 2829 viseret
552 2785 622 2828 eam
646 2761 778 2842 Caesar,
805 2765 1024 2850 profusis-diu
1046 2787 1084 2830 ao
1109 2787 1165 2850 per
1191 2765 1350 2830 silentium

321 2859 470 2936 lacrimis,
489 2879 564 2926 mox
580 2857 729 2924 invidiam
748 2867 781 2922 et
796 2880 912 2943 preces·
923 2859 1055 2924 orditur:
1078 2859 1257 2924 subveniret
1275 2858 1350 2924 soli-

322 2953 430 3031 tudini,
445 2952 534 3016 daret
545 2951 703 3016 maritum:
723 2950 860 3016 habilem
873 2953 976 3018 adhuc
989 2953 1149 3018 iuventam
1161 2952 1232 3030 sibi,
1246 2974 1350 3036 neque

323 3047 408 3114 aliud
429 3045 535 3132 probis
558 3066 654 3128 quam
669 3047 710 3110 'ex
728 3046 925 3110 matrimonio
948 3045 1107 3123 solatium;
1130 3067 1201 3110 esse
1222 3045 1256 3109 in
1272 3045 1350 3110 civi-

323 3151 386 3208 tate
414 3139 481 3227 [qai
502 3142 570 3206 divo
592 3141 731 3226 Angusto
753 3137 880 3225 ortam,]
909 3137 1091 3206 Germanioi
1116 3140 1284 3226 coniugem
1310 3161 1349 3204 ae

321 3233 436 3300 liberos
451 3234 520 3299 eius
538 3233 674 3317 recipere
692 3234 903 3317 dignarentur.
926 3234 983 3300 sed
1001 3231 1121 3300 Caesar
1137 3255 1202 3298 non
1217 3233 1349 3318 ignar'us

321 3337 473 3411 quantum
491 3348 530 3389 ex
547 3348 581 3390 re
593 3325 720 3410 publica
731 3335 896 3410 peteretur,
914 3349 955 3391 ne
973 3335 1077 3392 tamen
1094 3326 1275 3392 offensionis
1294 3336 1351 3391 aut

322 3427 423 3484 metus
440 3417 626 3482 manifestus
645 3418 741 3496 foret,
764 3419 830 3484 sine
848 3442 1001 3505 responso
1023 3441 1213 3504 quamquam
1230 3419 1351 3484 instan-

323 3522 386 3577 tem
403 3511 536 3594 reliquit.
554 3511 588 3574 id
605 3533 674 3596 ego,
693 3512 928 3597 ascriptoribus
942 3514 1100 3580 annalium
1113 3536 1177 3578 non
1189 3513 1349 3592 traditum,

323 3606 446 3692 repperi
466 3606 499 3670 in
520 3601 749 3672 commentaliis
772 3604 968 3694 Agrippinae
989 3597 1086 3686 filiae,
1112 3629 1194 3692 quae
1214 3607 1350 3672 Neronis

323 3700 471 3788 principis
489 3709 588 3764 mater
604 3699 701 3765 vitam
719 3722 810 3768 suam
828 3711 859 3767 et
876 3724 969 3768 casus
988 3723 1115 3768 suorum
1133 3700 1265 3787 posteris
1284 3721 1351 3766 mc-

273 3815 306 3863 54
323 3795 463 3860 moravit.
487 3803 624 3860 ceterum
639 3791 772 3860 Seianus
786 3805 976 3861 maerentem
994 3804 1026 3860 et
1042 3794 1238 3880 inprovidam
1256 3793 1350 3860 altius

322 3889 462 3974 perculit,
480 3887 628 3954 immissis
646 3888 701 3972 qui
717 3910 777 3973 per
790 3889 927 3974 speciem
944 3888 1099 3954 amicitiae
1115 3895 1277 3953 monerent
1293 3907 1351 3971 pa-

323 3992 426 4048 ratum
447 3983 476 4047 ei
498 4005 668 4061 venenum,
690 3982 834 4050 vitandas
857 3982 957 4048 soceri
979 3982 1098 4068 epulas.
1125 3989 1219 4066 atquc
1236 3979 1290 4046 illa
1308 3979 1351 4044 si·

324 4076 529 4142 mulationum
550 4076 669 4154 nescia,
692 4099 763 4141 curn
785 4085 912 4162 propter
933 4075 1155 4154 discumberet,
1178 4096 1243 4139 non
1259 4071 1350 4136 vultu

324 4175 378 4240 aut
395 4189 537 4235 sermone
555 4169 651 4247 flecti,
674 4169 947 4258 nullos-attingere
969 4170 1070 4248 cibos,
1093 4169 1194 4234 donec
1215 4162 1350 4232 advertit
