<?xml version="1.0" encoding="UTF-8"?>
<!DOCTYPE html PUBLIC "-//W3C//DTD XHTML 1.0 Transitional//EN"
    "http://www.w3.org/TR/xhtml1/DTD/xhtml1-transitional.dtd">
<html xmlns="http://www.w3.org/1999/xhtml" xml:lang="en" lang="en">
 <head>
  <title>
</title>
<meta http-equiv="Content-Type" content="text/html;charset=utf-8" />
  <meta name='ocr-system' content='tesseract 3.04.00' />
  <meta name='ocr-capabilities' content='ocr_page ocr_carea ocr_par ocr_line ocrx_word'/>
</head>
<body>
  <div class='ocr_page' id='page_1' title='image "./corneliitacitio00haasgoog_0233.png"; bbox 0 0 2960 4962; ppageno 0'>
   <div class='ocr_carea' id='block_1_1' title="bbox 325 421 1370 578">
    <p class='ocr_par' dir='ltr' id='par_1_1' title="bbox 325 421 1370 578">
     <span class='ocr_line' id='line_1_1' title="bbox 325 421 1002 502; baseline 0.003 -3"><span class='ocrx_word' id='word_1_1' title='bbox 325 421 385 500; x_wconf 81' lang='lat'>156</span> <span class='ocrx_word' id='word_1_2' title='bbox 615 427 618 434; x_wconf 81' lang='grc'>’</span> <span class='ocrx_word' id='word_1_3' title='bbox 672 444 857 502; x_wconf 83' lang='grc' dir='ltr'>οοιιιιιιιι</span> <span class='ocrx_word' id='word_1_4' title='bbox 871 444 1002 502; x_wconf 71' lang='lat' dir='ltr'>rectu</span> 
     </span>
     <span class='ocr_line' id='line_1_2' title="bbox 1184 539 1370 578; baseline 0.011 -2"><span class='ocrx_word' id='word_1_5' title='bbox 1184 547 1206 576; x_wconf 72' lang='grc' dir='ltr'>ι.</span> <span class='ocrx_word' id='word_1_6' title='bbox 1216 548 1240 576; x_wconf 90' lang='grc' dir='ltr'>ιι.</span> <span class='ocrx_word' id='word_1_7' title='bbox 1251 539 1306 578; x_wconf 76' lang='grc'><strong>784.</strong></span> <span class='ocrx_word' id='word_1_8' title='bbox 1318 539 1370 578; x_wconf 75' lang='lat'>785.</span> 
     </span>
    </p>
   </div>
   <div class='ocr_carea' id='block_1_2' title="bbox 255 601 1371 4256">
    <p class='ocr_par' dir='ltr' id='par_1_2' title="bbox 321 601 1371 1158">
     <span class='ocr_line' id='line_1_3' title="bbox 321 601 1371 688; baseline 0.002 -20"><span class='ocrx_word' id='word_1_9' title='bbox 321 625 383 688; x_wconf 91' lang='lat' dir='ltr'>que</span> <span class='ocrx_word' id='word_1_10' title='bbox 408 602 522 668; x_wconf 79' lang='lat' dir='ltr'>Isthmi</span> <span class='ocrx_word' id='word_1_11' title='bbox 548 602 667 680; x_wconf 81' lang='lat' dir='ltr'>evadit3</span> <span class='ocrx_word' id='word_1_12' title='bbox 697 602 837 686; x_wconf 85' lang='lat' dir='ltr'>marique</span> <span class='ocrx_word' id='word_1_13' title='bbox 863 601 924 670; x_wconf 83' lang='lat' dir='ltr'>alic</span> <span class='ocrx_word' id='word_1_14' title='bbox 950 602 1140 688; x_wconf 86' lang='lat' dir='ltr'><strong>Nicopolim,</strong></span> <span class='ocrx_word' id='word_1_15' title='bbox 1172 604 1371 670; x_wconf 81' lang='lat' dir='ltr'>Romanam</span> 
     </span>
     <span class='ocr_line' id='line_1_4' title="bbox 322 694 1371 782; baseline 0.002 -20"><span class='ocrx_word' id='word_1_16' title='bbox 322 697 490 773; x_wconf 86' lang='lat' dir='ltr'>coloniam,</span> <span class='ocrx_word' id='word_1_17' title='bbox 508 695 680 782; x_wconf 87' lang='lat' dir='ltr'>ingressus,</span> <span class='ocrx_word' id='word_1_18' title='bbox 698 694 742 761; x_wconf 93' lang='lat' dir='ltr'>ibi</span> <span class='ocrx_word' id='word_1_19' title='bbox 759 696 886 762; x_wconf 90' lang='lat' dir='ltr'>demum</span> <span class='ocrx_word' id='word_1_20' title='bbox 903 697 1066 782; x_wconf 82' lang='lat' dir='ltr'>cognoscit</span> <span class='ocrx_word' id='word_1_21' title='bbox 1082 697 1238 763; x_wconf 78' lang='lat' dir='ltr'>sollertius</span> <span class='ocrx_word' id='word_1_22' title='bbox 1258 699 1371 764; x_wconf 87' lang='lat' dir='ltr'>inter-</span> 
     </span>
     <span class='ocr_line' id='line_1_5' title="bbox 321 788 1370 878; baseline 0.001 -22"><span class='ocrx_word' id='word_1_23' title='bbox 321 800 480 878; x_wconf 88' lang='lat' dir='ltr'>mgatum,</span> <span class='ocrx_word' id='word_1_24' title='bbox 507 790 652 874; x_wconf 86' lang='lat' dir='ltr'>quisnam</span> <span class='ocrx_word' id='word_1_25' title='bbox 673 789 768 868; x_wconf 80' lang='lat' dir='ltr'>foret,</span> <span class='ocrx_word' id='word_1_26' title='bbox 794 790 913 854; x_wconf 80' lang='lat' dir='ltr'>dixisse</span> <span class='ocrx_word' id='word_1_27' title='bbox 933 789 981 854; x_wconf 92' lang='lat' dir='ltr'>M.</span> <span class='ocrx_word' id='word_1_28' title='bbox 1005 788 1114 856; x_wconf 87' lang='lat' dir='ltr'>Silano</span> <span class='ocrx_word' id='word_1_29' title='bbox 1135 791 1302 877; x_wconf 88' lang='lat' dir='ltr'>genitum,</span> <span class='ocrx_word' id='word_1_30' title='bbox 1334 801 1370 857; x_wconf 89' lang='lat' dir='ltr'>et</span> 
     </span>
     <span class='ocr_line' id='line_1_6' title="bbox 323 883 1368 970; baseline 0 -20"><span class='ocrx_word' id='word_1_31' title='bbox 323 883 430 950; x_wconf 87' lang='lat' dir='ltr'>multis</span> <span class='ocrx_word' id='word_1_32' title='bbox 461 893 650 950; x_wconf 85' lang='lat' dir='ltr'>sectatorum</span> <span class='ocrx_word' id='word_1_33' title='bbox 680 884 809 969; x_wconf 80' lang='lat' dir='ltr'>dilapsis</span> <span class='ocrx_word' id='word_1_34' title='bbox 839 884 1019 950; x_wconf 83' lang='lat' dir='ltr'>ascendisse</span> <span class='ocrx_word' id='word_1_35' title='bbox 1045 907 1158 949; x_wconf 86' lang='lat' dir='ltr'>navem</span> <span class='ocrx_word' id='word_1_36' title='bbox 1188 895 1368 970; x_wconf 79' lang='lat' dir='ltr'><strong>tamquam</strong></span> 
     </span>
     <span class='ocr_line' id='line_1_7' title="bbox 322 977 1368 1063; baseline -0.001 -19"><span class='ocrx_word' id='word_1_37' title='bbox 322 977 447 1046; x_wconf 83' lang='lat' dir='ltr'>ltaliam</span> <span class='ocrx_word' id='word_1_38' title='bbox 465 987 598 1063; x_wconf 83' lang='lat' dir='ltr'>peteret3</span> <span class='ocrx_word' id='word_1_39' title='bbox 621 977 807 1063; x_wconf 78' lang='lat' dir='ltr'>scripsitque</span> <span class='ocrx_word' id='word_1_40' title='bbox 828 977 907 1042; x_wconf 91' lang='lat' dir='ltr'>haec</span> <span class='ocrx_word' id='word_1_41' title='bbox 924 978 1067 1057; x_wconf 82' lang='lat' dir='ltr'>Tiberi03</span> <span class='ocrx_word' id='word_1_42' title='bbox 1089 1000 1190 1062; x_wconf 88' lang='lat' dir='ltr'>neque</span> <span class='ocrx_word' id='word_1_43' title='bbox 1212 1002 1274 1045; x_wconf 90' lang='lat' dir='ltr'>nos</span> <span class='ocrx_word' id='word_1_44' title='bbox 1297 979 1368 1046; x_wconf 87' lang='lat' dir='ltr'>ori-</span> 
     </span>
     <span class='ocr_line' id='line_1_8' title="bbox 322 1071 1062 1158; baseline 0 -22"><span class='ocrx_word' id='word_1_45' title='bbox 322 1073 430 1158; x_wconf 90' lang='lat' dir='ltr'>ginem</span> <span class='ocrx_word' id='word_1_46' title='bbox 446 1071 625 1137; x_wconf 82' lang='lat' dir='ltr'>finemve&#39;</span> <span class='ocrx_word' id='word_1_47' title='bbox 598 1093 666 1136; x_wconf 87' lang='lat' dir='ltr'>erus</span> <span class='ocrx_word' id='word_1_48' title='bbox 683 1092 729 1135; x_wconf 87' lang='lat' dir='ltr'>rer</span> <span class='ocrx_word' id='word_1_49' title='bbox 719 1071 827 1136; x_wconf 87' lang='lat' dir='ltr'>&#39;ultra</span> <span class='ocrx_word' id='word_1_50' title='bbox 844 1071 1062 1157; x_wconf 83' lang='lat' dir='ltr'>comperimus.</span> 
     </span>
    </p>

    <p class='ocr_par' dir='ltr' id='par_1_3' title="bbox 255 1165 1365 1532">
     <span class='ocr_line' id='line_1_9' title="bbox 255 1165 1365 1280; baseline 0.002 -50.048"><span class='ocrx_word' id='word_1_51' title='bbox 255 1168 313 1280; x_wconf 61' lang='lat' dir='ltr'>(vi</span> <span class='ocrx_word' id='word_1_52' title='bbox 387 1165 488 1231; x_wconf 85' lang='lat' dir='ltr'>Exitu</span> <span class='ocrx_word' id='word_1_53' title='bbox 504 1189 577 1230; x_wconf 89' lang='lat' dir='ltr'>anm</span> <span class='ocrx_word' id='word_1_54' title='bbox 566 1165 648 1235; x_wconf 89' lang='lat' dir='ltr'>diu</span> <span class='ocrx_word' id='word_1_55' title='bbox 670 1173 763 1230; x_wconf 83' lang='lat' dir='ltr'>aucto</span> <span class='ocrx_word' id='word_1_56' title='bbox 778 1165 934 1230; x_wconf 82' lang='lat' dir='ltr'>discordia</span> <span class='ocrx_word' id='word_1_57' title='bbox 956 1167 1118 1232; x_wconf 90' lang='lat' dir='ltr'>consulum</span> <span class='ocrx_word' id='word_1_58' title='bbox 1138 1167 1252 1254; x_wconf 83' lang='lat' dir='ltr'>erupit3</span> <span class='ocrx_word' id='word_1_59' title='bbox 1278 1191 1365 1232; x_wconf 90' lang='lat' dir='ltr'>nam</span> 
     </span>
     <span class='ocr_line' id='line_1_10' title="bbox 255 1233 1365 1346; baseline 0 -20"><span class='ocrx_word' id='word_1_60' title='bbox 255 1233 427 1337; x_wconf 64' lang='lat' dir='ltr'>(l&#39;m&#39;lrio,</span> <span class='ocrx_word' id='word_1_61' title='bbox 441 1259 542 1324; x_wconf 87' lang='lat' dir='ltr'>facilis</span> <span class='ocrx_word' id='word_1_62' title='bbox 566 1259 797 1346; x_wconf 87' lang='lat' dir='ltr'>capessendis&#39;</span> <span class='ocrx_word' id='word_1_63' title='bbox 788 1259 957 1324; x_wconf 89' lang='lat' dir='ltr'>mimicitiis</span> <span class='ocrx_word' id='word_1_64' title='bbox 979 1269 1010 1325; x_wconf 92' lang='lat' dir='ltr'>et</span> <span class='ocrx_word' id='word_1_65' title='bbox 1027 1261 1096 1326; x_wconf 90' lang='lat' dir='ltr'>foro</span> <span class='ocrx_word' id='word_1_66' title='bbox 1118 1261 1291 1339; x_wconf 85' lang='lat' dir='ltr'>exercitus,</span> <span class='ocrx_word' id='word_1_67' title='bbox 1324 1271 1365 1326; x_wconf 90' lang='lat' dir='ltr'>ut</span> 
     </span>
     <span class='ocr_line' id='line_1_11' title="bbox 324 1351 1363 1461; baseline 0 -41"><span class='ocrx_word' id='word_1_68' title='bbox 324 1375 453 1441; x_wconf 87' lang='lat' dir='ltr'>segnem</span> <span class='ocrx_word' id='word_1_69' title='bbox 474 1353 634 1439; x_wconf 90' lang='lat' dir='ltr'>Regulum</span> <span class='ocrx_word' id='word_1_70' title='bbox 655 1353 696 1418; x_wconf 91' lang='lat' dir='ltr'>ad</span> <span class='ocrx_word' id='word_1_71' title='bbox 717 1353 936 1461; x_wconf 80' lang='lat' dir='ltr'>opprimendos</span> <span class='ocrx_word' id='word_1_72' title='bbox 961 1351 1068 1419; x_wconf 87' lang='lat' dir='ltr'>Seiani</span> <span class='ocrx_word' id='word_1_73' title='bbox 1090 1354 1247 1420; x_wconf 83' lang='lat' dir='ltr'>ministros</span> <span class='ocrx_word' id='word_1_74' title='bbox 1272 1355 1363 1420; x_wconf 92' lang='lat' dir='ltr'>obli-</span> 
     </span>
     <span class='ocr_line' id='line_1_12' title="bbox 322 1445 1361 1532; baseline 0 -20"><span class='ocrx_word' id='word_1_75' title='bbox 322 1469 384 1530; x_wconf 89' lang='lat' dir='ltr'>que</span> <span class='ocrx_word' id='word_1_76' title='bbox 405 1447 640 1532; x_wconf 78' lang='lat' dir='ltr'>perstrinxerat:</span> <span class='ocrx_word' id='word_1_77' title='bbox 667 1446 732 1524; x_wconf 89' lang='lat' dir='ltr'>ille,</span> <span class='ocrx_word' id='word_1_78' title='bbox 755 1445 816 1511; x_wconf 90' lang='lat' dir='ltr'>nisi</span> <span class='ocrx_word' id='word_1_79' title='bbox 837 1446 1056 1525; x_wconf 71' lang='lat' dir='ltr'>lacesseretur,</span> <span class='ocrx_word' id='word_1_80' title='bbox 1082 1447 1254 1514; x_wconf 85' lang='lat' dir='ltr'>modestiae</span> <span class='ocrx_word' id='word_1_81' title='bbox 1278 1449 1361 1514; x_wconf 86' lang='lat' dir='ltr'>reti-</span> 
     </span>
    </p>

    <p class='ocr_par' dir='ltr' id='par_1_4' title="bbox 283 1539 1360 1909">
     <span class='ocr_line' id='line_1_13' title="bbox 283 1539 1360 1627; baseline 0.002 -23"><span class='ocrx_word' id='word_1_82' title='bbox 283 1605 286 1614; x_wconf 67' lang='lat'>,</span> <span class='ocrx_word' id='word_1_83' title='bbox 322 1561 414 1616; x_wconf 90' lang='lat' dir='ltr'>nens,</span> <span class='ocrx_word' id='word_1_84' title='bbox 440 1561 505 1604; x_wconf 91' lang='lat' dir='ltr'>non</span> <span class='ocrx_word' id='word_1_85' title='bbox 530 1539 623 1604; x_wconf 88' lang='lat' dir='ltr'>modo</span> <span class='ocrx_word' id='word_1_86' title='bbox 645 1539 775 1604; x_wconf 88' lang='lat' dir='ltr'>rettudit</span> <span class='ocrx_word' id='word_1_87' title='bbox 799 1540 966 1627; x_wconf 74' lang='lat' dir='ltr'>collegam,</span> <span class='ocrx_word' id='word_1_88' title='bbox 993 1543 1049 1608; x_wconf 89' lang='lat' dir='ltr'>sed</span> <span class='ocrx_word' id='word_1_89' title='bbox 1068 1551 1102 1606; x_wconf 89' lang='lat' dir='ltr'>ut</span> <span class='ocrx_word' id='word_1_90' title='bbox 1123 1543 1251 1607; x_wconf 84' lang='lat' dir='ltr'>noxium</span> <span class='ocrx_word' id='word_1_91' title='bbox 1276 1565 1360 1608; x_wconf 87' lang='lat' dir='ltr'>con-</span> 
     </span>
     <span class='ocr_line' id='line_1_14' title="bbox 322 1633 1358 1722; baseline 0.003 -24"><span class='ocrx_word' id='word_1_92' title='bbox 322 1633 483 1698; x_wconf 86' lang='lat' dir='ltr'>iurationis</span> <span class='ocrx_word' id='word_1_93' title='bbox 509 1633 549 1698; x_wconf 88' lang='lat' dir='ltr'>od</span> <span class='ocrx_word' id='word_1_94' title='bbox 575 1633 825 1716; x_wconf 83' lang='lat' dir='ltr'>disquisitionem</span> <span class='ocrx_word' id='word_1_95' title='bbox 850 1635 1005 1714; x_wconf 83' lang='lat' dir='ltr'>trahebat3</span> <span class='ocrx_word' id='word_1_96' title='bbox 1031 1636 1199 1720; x_wconf 88' lang='lat' dir='ltr'>multisque</span> <span class='ocrx_word' id='word_1_97' title='bbox 1224 1645 1358 1722; x_wconf 84' lang='lat' dir='ltr'>patmm</span> 
     </span>
     <span class='ocr_line' id='line_1_15' title="bbox 322 1725 1357 1835; baseline 0.004 -43"><span class='ocrx_word' id='word_1_98' title='bbox 322 1725 481 1792; x_wconf 88' lang='lat' dir='ltr'>orantibus</span> <span class='ocrx_word' id='word_1_99' title='bbox 503 1736 655 1835; x_wconf 90' lang='lat' dir='ltr'>ponerent</span> <span class='ocrx_word' id='word_1_100' title='bbox 677 1726 749 1792; x_wconf 85' lang='lat' dir='ltr'>odic</span> <span class='ocrx_word' id='word_1_101' title='bbox 769 1727 804 1793; x_wconf 93' lang='lat' dir='ltr'>in</span> <span class='ocrx_word' id='word_1_102' title='bbox 824 1728 993 1814; x_wconf 89' lang='lat' dir='ltr'>perniciem</span> <span class='ocrx_word' id='word_1_103' title='bbox 1015 1729 1109 1807; x_wconf 89' lang='lat' dir='ltr'>itura,</span> <span class='ocrx_word' id='word_1_104' title='bbox 1137 1752 1282 1794; x_wconf 89' lang='lat' dir='ltr'>mansere</span> <span class='ocrx_word' id='word_1_105' title='bbox 1305 1731 1357 1796; x_wconf 91' lang='lat' dir='ltr'>in-</span> 
     </span>
     <span class='ocr_line' id='line_1_16' title="bbox 321 1820 1138 1909; baseline 0.002 -23"><span class='ocrx_word' id='word_1_106' title='bbox 321 1820 404 1886; x_wconf 87' lang='lat' dir='ltr'>fensi</span> <span class='ocrx_word' id='word_1_107' title='bbox 421 1842 459 1885; x_wconf 91' lang='lat' dir='ltr'>ac</span> <span class='ocrx_word' id='word_1_108' title='bbox 476 1820 669 1900; x_wconf 88' lang='lat' dir='ltr'>minitantes,</span> <span class='ocrx_word' id='word_1_109' title='bbox 687 1822 788 1888; x_wconf 91' lang='lat' dir='ltr'>donec</span> <span class='ocrx_word' id='word_1_110' title='bbox 805 1824 991 1909; x_wconf 87' lang='lat' dir='ltr'>magistratu</span> <span class='ocrx_word' id='word_1_111' title='bbox 1008 1823 1138 1889; x_wconf 88' lang='lat' dir='ltr'>abirent.</span> 
     </span>
    </p>

    <p class='ocr_par' dir='ltr' id='par_1_5' title="bbox 281 1912 1355 1984">
     <span class='ocr_line' id='line_1_17' title="bbox 281 1912 1355 1984; baseline 0.004 -6"><span class='ocrx_word' id='word_1_112' title='bbox 281 1916 294 1960; x_wconf 81' lang='lat'><strong><em>⁷</em></strong></span> <span class='ocrx_word' id='word_1_113' title='bbox 388 1912 445 1979; x_wconf 84' lang='lat' dir='ltr'>Cu.</span> <span class='ocrx_word' id='word_1_114' title='bbox 460 1912 814 1983; x_wconf 79' lang='lat' dir='ltr'>DomrmsetCmmuus</span> <span class='ocrx_word' id='word_1_115' title='bbox 831 1913 1049 1984; x_wconf 77' lang='lat' dir='ltr'>Sousoumuns</span> <span class='ocrx_word' id='word_1_116' title='bbox 1063 1916 1282 1983; x_wconf 87' lang='lat' dir='ltr'>consulatum</span> <span class='ocrx_word' id='word_1_117' title='bbox 1272 1919 1355 1982; x_wconf 90' lang='lat' dir='ltr'>mie-</span> 
     </span>
    </p>

    <p class='ocr_par' dir='ltr' id='par_1_6' title="bbox 276 1981 1353 3410">
     <span class='ocr_line' id='line_1_18' title="bbox 276 1981 1353 2097; baseline 0.002 -23"><span class='ocrx_word' id='word_1_118' title='bbox 276 1981 305 2030; x_wconf 84' lang='grc'><strong>”</strong></span> <span class='ocrx_word' id='word_1_119' title='bbox 322 2017 406 2086; x_wconf 89' lang='lat' dir='ltr'>rant,</span> <span class='ocrx_word' id='word_1_120' title='bbox 433 2031 506 2075; x_wconf 90' lang='lat' dir='ltr'>cum</span> <span class='ocrx_word' id='word_1_121' title='bbox 528 2007 648 2074; x_wconf 84' lang='lat' dir='ltr'>Caesar</span> <span class='ocrx_word' id='word_1_122' title='bbox 669 2009 814 2076; x_wconf 89' lang='lat' dir='ltr'>tramisso</span> <span class='ocrx_word' id='word_1_123' title='bbox 836 2010 923 2094; x_wconf 88' lang='lat' dir='ltr'>quod</span> <span class='ocrx_word' id='word_1_124' title='bbox 945 2009 1085 2097; x_wconf 86' lang='lat' dir='ltr'>Capreas</span> <span class='ocrx_word' id='word_1_125' title='bbox 1108 2020 1140 2075; x_wconf 90' lang='lat' dir='ltr'>et</span> <span class='ocrx_word' id='word_1_126' title='bbox 1162 2009 1353 2076; x_wconf 88' lang='lat' dir='ltr'>Surrentum</span> 
     </span>
     <span class='ocr_line' id='line_1_19' title="bbox 322 2101 1354 2191; baseline 0.003 -24"><span class='ocrx_word' id='word_1_127' title='bbox 322 2103 459 2167; x_wconf 90' lang='lat' dir='ltr'>interluit</span> <span class='ocrx_word' id='word_1_128' title='bbox 479 2103 561 2168; x_wconf 88' lang='lat' dir='ltr'>freto</span> <span class='ocrx_word' id='word_1_129' title='bbox 584 2101 790 2190; x_wconf 84' lang='lat' dir='ltr'>Campaniam</span> <span class='ocrx_word' id='word_1_130' title='bbox 811 2102 1025 2190; x_wconf 87' lang='lat' dir='ltr'>praelegebat,</span> <span class='ocrx_word' id='word_1_131' title='bbox 1049 2103 1216 2191; x_wconf 86' lang='lat' dir='ltr'>ambiguus</span> <span class='ocrx_word' id='word_1_132' title='bbox 1240 2128 1283 2170; x_wconf 85' lang='lat' dir='ltr'>an</span> <span class='ocrx_word' id='word_1_133' title='bbox 1299 2127 1354 2169; x_wconf 87' lang='lat' dir='ltr'>ur·</span> 
     </span>
     <span class='ocr_line' id='line_1_20' title="bbox 321 2196 1353 2285; baseline 0 -23"><span class='ocrx_word' id='word_1_134' title='bbox 321 2196 395 2262; x_wconf 90' lang='lat' dir='ltr'>bem</span> <span class='ocrx_word' id='word_1_135' title='bbox 412 2197 553 2274; x_wconf 88' lang='lat' dir='ltr'>intraret,</span> <span class='ocrx_word' id='word_1_136' title='bbox 573 2219 642 2275; x_wconf 92' lang='lat' dir='ltr'>seu,</span> <span class='ocrx_word' id='word_1_137' title='bbox 661 2197 736 2280; x_wconf 88' lang='lat' dir='ltr'>quia</span> <span class='ocrx_word' id='word_1_138' title='bbox 753 2207 859 2262; x_wconf 87' lang='lat' dir='ltr'>contra</span> <span class='ocrx_word' id='word_1_139' title='bbox 876 2197 1099 2285; x_wconf 73' lang='lat' dir='ltr'>destinaverat,</span> <span class='ocrx_word' id='word_1_140' title='bbox 1118 2198 1256 2283; x_wconf 91' lang='lat' dir='ltr'>speciem</span> <span class='ocrx_word' id='word_1_141' title='bbox 1273 2219 1353 2262; x_wconf 83' lang='lat' dir='ltr'>ven-</span> 
     </span>
     <span class='ocr_line' id='line_1_21' title="bbox 322 2289 1352 2378; baseline 0.003 -25"><span class='ocrx_word' id='word_1_142' title='bbox 322 2291 384 2354; x_wconf 88' lang='lat' dir='ltr'>turi</span> <span class='ocrx_word' id='word_1_143' title='bbox 410 2289 575 2367; x_wconf 83' lang='lat' dir='ltr'>simulans3</span> <span class='ocrx_word' id='word_1_144' title='bbox 606 2299 638 2354; x_wconf 92' lang='lat' dir='ltr'>et</span> <span class='ocrx_word' id='word_1_145' title='bbox 664 2313 757 2378; x_wconf 89' lang='lat' dir='ltr'>saepe</span> <span class='ocrx_word' id='word_1_146' title='bbox 784 2291 817 2356; x_wconf 90' lang='lat' dir='ltr'>in</span> <span class='ocrx_word' id='word_1_147' title='bbox 841 2292 1016 2378; x_wconf 86' lang='lat' dir='ltr'>propinqua</span> <span class='ocrx_word' id='word_1_148' title='bbox 1041 2292 1224 2378; x_wconf 86' lang='lat' dir='ltr'>degressus,</span> <span class='ocrx_word' id='word_1_149' title='bbox 1256 2292 1352 2356; x_wconf 88' lang='lat' dir='ltr'>aditis</span> 
     </span>
     <span class='ocr_line' id='line_1_22' title="bbox 321 2381 1351 2450; baseline 0.004 -4"><span class='ocrx_word' id='word_1_150' title='bbox 321 2383 409 2446; x_wconf 87' lang='lat' dir='ltr'>iuxta</span> <span class='ocrx_word' id='word_1_151' title='bbox 435 2381 576 2449; x_wconf 84' lang='lat' dir='ltr'>Tiberim</span> <span class='ocrx_word' id='word_1_152' title='bbox 601 2381 699 2447; x_wconf 90' lang='lat' dir='ltr'>hortis</span> <span class='ocrx_word' id='word_1_153' title='bbox 726 2407 803 2450; x_wconf 84' lang='lat' dir='ltr'>saxa</span> <span class='ocrx_word' id='word_1_154' title='bbox 828 2407 954 2450; x_wconf 90' lang='lat' dir='ltr'>rursum</span> <span class='ocrx_word' id='word_1_155' title='bbox 976 2394 1006 2450; x_wconf 91' lang='lat' dir='ltr'>et</span> <span class='ocrx_word' id='word_1_156' title='bbox 1029 2385 1227 2450; x_wconf 86' lang='lat' dir='ltr'>solitudinem</span> <span class='ocrx_word' id='word_1_157' title='bbox 1253 2385 1351 2450; x_wconf 89' lang='lat' dir='ltr'>maris</span> 
     </span>
     <span class='ocr_line' id='line_1_23' title="bbox 321 2474 1352 2562; baseline 0.006 -24"><span class='ocrx_word' id='word_1_158' title='bbox 321 2474 456 2559; x_wconf 89' lang='lat' dir='ltr'>repetiit,</span> <span class='ocrx_word' id='word_1_159' title='bbox 475 2475 594 2559; x_wconf 92' lang='lat' dir='ltr'>pudore</span> <span class='ocrx_word' id='word_1_160' title='bbox 612 2475 765 2541; x_wconf 92' lang='lat' dir='ltr'>scelerum</span> <span class='ocrx_word' id='word_1_161' title='bbox 783 2485 814 2542; x_wconf 89' lang='lat' dir='ltr'>et</span> <span class='ocrx_word' id='word_1_162' title='bbox 830 2477 1008 2556; x_wconf 90' lang='lat' dir='ltr'>libidinum,</span> <span class='ocrx_word' id='word_1_163' title='bbox 1031 2477 1145 2562; x_wconf 88' lang='lat' dir='ltr'>quibus</span> <span class='ocrx_word' id='word_1_164' title='bbox 1164 2479 1243 2544; x_wconf 88' lang='lat' dir='ltr'>adeo</span> <span class='ocrx_word' id='word_1_165' title='bbox 1259 2478 1352 2544; x_wconf 91' lang='lat' dir='ltr'>indo·</span> 
     </span>
     <span class='ocr_line' id='line_1_24' title="bbox 321 2567 1350 2657; baseline 0.007 -27"><span class='ocrx_word' id='word_1_166' title='bbox 321 2567 405 2631; x_wconf 88' lang='lat' dir='ltr'>mitis</span> <span class='ocrx_word' id='word_1_167' title='bbox 432 2577 592 2632; x_wconf 82' lang='lat' dir='ltr'>exarserat</span> <span class='ocrx_word' id='word_1_168' title='bbox 617 2577 652 2635; x_wconf 91' lang='lat' dir='ltr'>ut</span> <span class='ocrx_word' id='word_1_169' title='bbox 673 2591 759 2633; x_wconf 89' lang='lat' dir='ltr'>more</span> <span class='ocrx_word' id='word_1_170' title='bbox 781 2571 869 2655; x_wconf 87' lang='lat' dir='ltr'>regio</span> <span class='ocrx_word' id='word_1_171' title='bbox 894 2570 1011 2656; x_wconf 85' lang='lat' dir='ltr'>pubem</span> <span class='ocrx_word' id='word_1_172' title='bbox 1037 2571 1206 2657; x_wconf 89' lang='lat' dir='ltr'>iugenuam</span> <span class='ocrx_word' id='word_1_173' title='bbox 1232 2573 1350 2657; x_wconf 89' lang='lat' dir='ltr'>stupris</span> 
     </span>
     <span class='ocr_line' id='line_1_25' title="bbox 321 2659 1350 2751; baseline 0.007 -28"><span class='ocrx_word' id='word_1_174' title='bbox 321 2659 486 2745; x_wconf 89' lang='lat' dir='ltr'>pollueret;</span> <span class='ocrx_word' id='word_1_175' title='bbox 509 2681 567 2724; x_wconf 91' lang='lat' dir='ltr'>nec</span> <span class='ocrx_word' id='word_1_176' title='bbox 589 2660 723 2729; x_wconf 85' lang='lat' dir='ltr'>formam</span> <span class='ocrx_word' id='word_1_177' title='bbox 745 2673 865 2726; x_wconf 89' lang='lat' dir='ltr'>tautum</span> <span class='ocrx_word' id='word_1_178' title='bbox 888 2673 920 2728; x_wconf 90' lang='lat' dir='ltr'>et</span> <span class='ocrx_word' id='word_1_179' title='bbox 942 2665 1055 2730; x_wconf 88' lang='lat' dir='ltr'>decora</span> <span class='ocrx_word' id='word_1_180' title='bbox 1076 2686 1218 2751; x_wconf 87' lang='lat' dir='ltr'>corpora,</span> <span class='ocrx_word' id='word_1_181' title='bbox 1243 2667 1350 2732; x_wconf 88' lang='lat' dir='ltr'>sedin</span> 
     </span>
     <span class='ocr_line' id='line_1_26' title="bbox 321 2753 1351 2844; baseline 0.006 -27"><span class='ocrx_word' id='word_1_182' title='bbox 321 2753 371 2818; x_wconf 89' lang='lat' dir='ltr'>his</span> <span class='ocrx_word' id='word_1_183' title='bbox 389 2753 563 2818; x_wconf 89' lang='lat' dir='ltr'>modestam</span> <span class='ocrx_word' id='word_1_184' title='bbox 580 2753 758 2838; x_wconf 88' lang='lat' dir='ltr'>pueritiam,</span> <span class='ocrx_word' id='word_1_185' title='bbox 781 2756 815 2820; x_wconf 90' lang='lat' dir='ltr'>in</span> <span class='ocrx_word' id='word_1_186' title='bbox 832 2756 900 2822; x_wconf 89' lang='lat' dir='ltr'>aliis</span> <span class='ocrx_word' id='word_1_187' title='bbox 923 2758 1076 2844; x_wconf 87' lang='lat' dir='ltr'>imagines</span> <span class='ocrx_word' id='word_1_188' title='bbox 1098 2758 1250 2824; x_wconf 90' lang='lat' dir='ltr'>maiorum</span> <span class='ocrx_word' id='word_1_189' title='bbox 1271 2759 1351 2823; x_wconf 91' lang='lat' dir='ltr'>inci-</span> 
     </span>
     <span class='ocr_line' id='line_1_27' title="bbox 322 2847 1351 2939; baseline 0.007 -28"><span class='ocrx_word' id='word_1_190' title='bbox 322 2855 494 2922; x_wconf 87' lang='lat' dir='ltr'>tamentum</span> <span class='ocrx_word' id='word_1_191' title='bbox 506 2847 660 2933; x_wconf 92' lang='lat' dir='ltr'>cupidinis</span> <span class='ocrx_word' id='word_1_192' title='bbox 674 2847 819 2927; x_wconf 88' lang='lat' dir='ltr'>habebat,</span> <span class='ocrx_word' id='word_1_193' title='bbox 839 2859 975 2934; x_wconf 90' lang='lat' dir='ltr'>tuncque</span> <span class='ocrx_word' id='word_1_194' title='bbox 988 2852 1125 2938; x_wconf 91' lang='lat' dir='ltr'>primum</span> <span class='ocrx_word' id='word_1_195' title='bbox 1137 2853 1245 2939; x_wconf 90' lang='lat' dir='ltr'>ignota</span> <span class='ocrx_word' id='word_1_196' title='bbox 1257 2861 1351 2918; x_wconf 87' lang='lat' dir='ltr'>antea</span> 
     </span>
     <span class='ocr_line' id='line_1_28' title="bbox 321 2941 1350 3031; baseline 0.004 -23"><span class='ocrx_word' id='word_1_197' title='bbox 321 2941 475 3009; x_wconf 83' lang='lat' dir='ltr'>vocabula</span> <span class='ocrx_word' id='word_1_198' title='bbox 495 2953 618 3028; x_wconf 88' lang='lat' dir='ltr'>reperta</span> <span class='ocrx_word' id='word_1_199' title='bbox 645 2952 718 3010; x_wconf 90' lang='lat' dir='ltr'>sunt</span> <span class='ocrx_word' id='word_1_200' title='bbox 739 2944 933 3010; x_wconf 86' lang='lat' dir='ltr'>sellariorum</span> <span class='ocrx_word' id='word_1_201' title='bbox 949 2954 982 3012; x_wconf 89' lang='lat' dir='ltr'>et</span> <span class='ocrx_word' id='word_1_202' title='bbox 1004 2946 1203 3031; x_wconf 85' lang='lat' dir='ltr'>spintriarum</span> <span class='ocrx_word' id='word_1_203' title='bbox 1224 2968 1266 3012; x_wconf 82' lang='lat' dir='ltr'>ex</span> <span class='ocrx_word' id='word_1_204' title='bbox 1282 2945 1350 3012; x_wconf 82' lang='lat' dir='ltr'>foe·</span> 
     </span>
     <span class='ocr_line' id='line_1_29' title="bbox 323 3035 1350 3130; baseline 0.004 -29"><span class='ocrx_word' id='word_1_205' title='bbox 323 3036 419 3102; x_wconf 88' lang='lat' dir='ltr'>ditate</span> <span class='ocrx_word' id='word_1_206' title='bbox 435 3035 497 3102; x_wconf 91' lang='lat' dir='ltr'>loci</span> <span class='ocrx_word' id='word_1_207' title='bbox 514 3059 552 3102; x_wconf 92' lang='lat' dir='ltr'>ao</span> <span class='ocrx_word' id='word_1_208' title='bbox 569 3037 732 3123; x_wconf 88' lang='lat' dir='ltr'>multiplici</span> <span class='ocrx_word' id='word_1_209' title='bbox 749 3037 912 3130; x_wconf 87' lang='lat' dir='ltr'>patientia,</span> <span class='ocrx_word' id='word_1_210' title='bbox 930 3039 1161 3125; x_wconf 88' lang='lat' dir='ltr'>praepositique</span> <span class='ocrx_word' id='word_1_211' title='bbox 1179 3041 1275 3118; x_wconf 90' lang='lat' dir='ltr'>servi,</span> <span class='ocrx_word' id='word_1_212' title='bbox 1295 3041 1350 3124; x_wconf 93' lang='lat' dir='ltr'>qui</span> 
     </span>
     <span class='ocr_line' id='line_1_30' title="bbox 324 3133 1349 3222; baseline 0.006 -26"><span class='ocrx_word' id='word_1_213' title='bbox 324 3135 549 3219; x_wconf 81' lang='lat' dir='ltr'>conquirerent,</span> <span class='ocrx_word' id='word_1_214' title='bbox 573 3133 801 3219; x_wconf 85' lang='lat' dir='ltr'>pertraherent,</span> <span class='ocrx_word' id='word_1_215' title='bbox 826 3135 908 3200; x_wconf 90' lang='lat' dir='ltr'>dona</span> <span class='ocrx_word' id='word_1_216' title='bbox 924 3136 958 3199; x_wconf 91' lang='lat' dir='ltr'>in</span> <span class='ocrx_word' id='word_1_217' title='bbox 974 3145 1149 3222; x_wconf 90' lang='lat' dir='ltr'>promptos,</span> <span class='ocrx_word' id='word_1_218' title='bbox 1173 3137 1274 3202; x_wconf 88' lang='lat' dir='ltr'>minas</span> <span class='ocrx_word' id='word_1_219' title='bbox 1292 3137 1349 3202; x_wconf 88' lang='lat' dir='ltr'>ad-</span> 
     </span>
     <span class='ocr_line' id='line_1_31' title="bbox 324 3226 1350 3315; baseline 0.006 -25"><span class='ocrx_word' id='word_1_220' title='bbox 324 3247 449 3290; x_wconf 89' lang='lat' dir='ltr'>versum</span> <span class='ocrx_word' id='word_1_221' title='bbox 468 3226 702 3305; x_wconf 88' lang='lat' dir='ltr'>abnuentes,t</span> <span class='ocrx_word' id='word_1_222' title='bbox 670 3237 702 3292; x_wconf 92' lang='lat' dir='ltr'>et</span> <span class='ocrx_word' id='word_1_223' title='bbox 719 3229 746 3293; x_wconf 90' lang='lat' dir='ltr'>si</span> <span class='ocrx_word' id='word_1_224' title='bbox 763 3229 931 3294; x_wconf 88' lang='lat' dir='ltr'>retinerent</span> <span class='ocrx_word' id='word_1_225' title='bbox 943 3230 1136 3314; x_wconf 88' lang='lat' dir='ltr'>propinquus</span> <span class='ocrx_word' id='word_1_226' title='bbox 1155 3239 1209 3295; x_wconf 89' lang='lat' dir='ltr'>aut</span> <span class='ocrx_word' id='word_1_227' title='bbox 1224 3253 1350 3315; x_wconf 88' lang='lat' dir='ltr'>parens,</span> 
     </span>
     <span class='ocr_line' id='line_1_32' title="bbox 322 3318 1351 3429; baseline 0.007 -49"><span class='ocrx_word' id='word_1_228' title='bbox 322 3318 402 3394; x_wconf 85' lang='lat' dir='ltr'>vim,</span> <span class='ocrx_word' id='word_1_229' title='bbox 425 3327 533 3403; x_wconf 88' lang='lat' dir='ltr'>raptus</span> <span class='ocrx_word' id='word_1_230' title='bbox 553 3343 680 3429; x_wconf 81' lang='lat' dir='ltr'>suaque</span> <span class='ocrx_word' id='word_1_231' title='bbox 688 3321 750 3429; x_wconf 85' lang='lat' dir='ltr'>iper</span> <span class='ocrx_word' id='word_1_232' title='bbox 740 3321 855 3387; x_wconf 88' lang='lat' dir='ltr'>libita</span> <span class='ocrx_word' id='word_1_233' title='bbox 873 3323 1008 3388; x_wconf 86' lang='lat' dir='ltr'>velutin</span> <span class='ocrx_word' id='word_1_234' title='bbox 1026 3333 1135 3410; x_wconf 87' lang='lat' dir='ltr'>captos</span> <span class='ocrx_word' id='word_1_235' title='bbox 1153 3323 1351 3390; x_wconf 86' lang='lat' dir='ltr'>exercebant.</span> 
     </span>
    </p>

    <p class='ocr_par' dir='ltr' id='par_1_7' title="bbox 279 3409 1352 3506">
     <span class='ocr_line' id='line_1_33' title="bbox 279 3409 1352 3506; baseline 0.01 -33"><span class='ocrx_word' id='word_1_236' title='bbox 279 3410 295 3456; x_wconf 85' lang='grc'>6</span> <span class='ocrx_word' id='word_1_237' title='bbox 386 3409 434 3474; x_wconf 88' lang='lat' dir='ltr'>At</span> <span class='ocrx_word' id='word_1_238' title='bbox 445 3411 566 3476; x_wconf 88' lang='lat' dir='ltr'>Romae</span> <span class='ocrx_word' id='word_1_239' title='bbox 582 3414 734 3498; x_wconf 87' lang='lat' dir='ltr'>principio</span> <span class='ocrx_word' id='word_1_240' title='bbox 753 3416 835 3492; x_wconf 78' lang='lat' dir='ltr'>anm,</span> <span class='ocrx_word' id='word_1_241' title='bbox 854 3418 945 3500; x_wconf 92' lang='lat' dir='ltr'>quasi</span> <span class='ocrx_word' id='word_1_242' title='bbox 962 3440 1071 3484; x_wconf 91' lang='lat' dir='ltr'>recens</span> <span class='ocrx_word' id='word_1_243' title='bbox 1090 3418 1224 3506; x_wconf 89' lang='lat' dir='ltr'>cognitis</span> <span class='ocrx_word' id='word_1_244' title='bbox 1236 3419 1352 3484; x_wconf 90' lang='lat' dir='ltr'>Liviae</span> 
     </span>
    </p>

    <p class='ocr_par' dir='ltr' id='par_1_8' title="bbox 276 3477 1353 4256">
     <span class='ocr_line' id='line_1_34' title="bbox 276 3477 1353 3596; baseline 0.013 -32.118"><span class='ocrx_word' id='word_1_245' title='bbox 276 3477 305 3522; x_wconf 55' lang='lat'>‘²&#39;</span> <span class='ocrx_word' id='word_1_246' title='bbox 322 3500 448 3586; x_wconf 86' lang='lat' dir='ltr'>flagitiis</span> <span class='ocrx_word' id='word_1_247' title='bbox 471 3524 508 3567; x_wconf 89' lang='lat' dir='ltr'>ac</span> <span class='ocrx_word' id='word_1_248' title='bbox 530 3525 594 3568; x_wconf 91' lang='lat' dir='ltr'>non</span> <span class='ocrx_word' id='word_1_249' title='bbox 615 3505 737 3589; x_wconf 91' lang='lat' dir='ltr'>pridem</span> <span class='ocrx_word' id='word_1_250' title='bbox 760 3508 853 3572; x_wconf 91' lang='lat' dir='ltr'>etiam</span> <span class='ocrx_word' id='word_1_251' title='bbox 875 3511 1007 3596; x_wconf 89' lang='lat' dir='ltr'>punitis,</span> <span class='ocrx_word' id='word_1_252' title='bbox 1035 3521 1156 3579; x_wconf 88' lang='lat' dir='ltr'>atroces</span> <span class='ocrx_word' id='word_1_253' title='bbox 1179 3513 1353 3579; x_wconf 89' lang='lat' dir='ltr'>sententiae</span> 
     </span>
     <span class='ocr_line' id='line_1_35' title="bbox 322 3592 1353 3685; baseline 0.013 -25"><span class='ocrx_word' id='word_1_254' title='bbox 322 3592 467 3660; x_wconf 86' lang='lat' dir='ltr'>dicebant</span> <span class='ocrx_word' id='word_1_255' title='bbox 455 3603 505 3663; x_wconf 86' lang='lat' dir='ltr'>tur</span> <span class='ocrx_word' id='word_1_256' title='bbox 521 3594 554 3660; x_wconf 91' lang='lat' dir='ltr'>in</span> <span class='ocrx_word' id='word_1_257' title='bbox 572 3596 693 3682; x_wconf 86' lang='lat' dir='ltr'>effigies</span> <span class='ocrx_word' id='word_1_258' title='bbox 713 3621 838 3685; x_wconf 91' lang='lat' dir='ltr'>quoque</span> <span class='ocrx_word' id='word_1_259' title='bbox 856 3624 893 3667; x_wconf 86' lang='lat' dir='ltr'>ac</span> <span class='ocrx_word' id='word_1_260' title='bbox 909 3605 1095 3672; x_wconf 88' lang='lat' dir='ltr'>memoriam</span> <span class='ocrx_word' id='word_1_261' title='bbox 1113 3607 1195 3685; x_wconf 90' lang='lat' dir='ltr'>eius,</span> <span class='ocrx_word' id='word_1_262' title='bbox 1220 3615 1252 3672; x_wconf 92' lang='lat' dir='ltr'>et</span> <span class='ocrx_word' id='word_1_263' title='bbox 1269 3606 1353 3673; x_wconf 81' lang='lat' dir='ltr'>bona</span> 
     </span>
     <span class='ocr_line' id='line_1_36' title="bbox 324 3685 1352 3786; baseline 0.011 -32"><span class='ocrx_word' id='word_1_264' title='bbox 324 3685 432 3755; x_wconf 87' lang='lat' dir='ltr'>Seiani</span> <span class='ocrx_word' id='word_1_265' title='bbox 453 3687 557 3756; x_wconf 87' lang='lat' dir='ltr'>ablata</span> <span class='ocrx_word' id='word_1_266' title='bbox 578 3692 697 3757; x_wconf 87' lang='lat' dir='ltr'>aerario</span> <span class='ocrx_word' id='word_1_267' title='bbox 720 3704 754 3758; x_wconf 91' lang='lat' dir='ltr'>ut</span> <span class='ocrx_word' id='word_1_268' title='bbox 775 3693 808 3759; x_wconf 91' lang='lat' dir='ltr'>in</span> <span class='ocrx_word' id='word_1_269' title='bbox 830 3695 942 3762; x_wconf 83' lang='lat' dir='ltr'>fiscum</span> <span class='ocrx_word' id='word_1_270' title='bbox 964 3709 1164 3786; x_wconf 88' lang='lat' dir='ltr'>cogerentur,</span> <span class='ocrx_word' id='word_1_271' title='bbox 1190 3709 1352 3784; x_wconf 85' lang='lat' dir='ltr'>tamquam</span> 
     </span>
     <span class='ocr_line' id='line_1_37' title="bbox 321 3775 1353 3893; baseline 0.01 -45"><span class='ocrx_word' id='word_1_272' title='bbox 321 3781 460 3849; x_wconf 85' lang='lat' dir='ltr'>referret.</span> <span class='ocrx_word' id='word_1_273' title='bbox 489 3781 653 3893; x_wconf 85' lang='lat' dir='ltr'>Scipiones</span> <span class='ocrx_word' id='word_1_274' title='bbox 678 3785 757 3852; x_wconf 87' lang='lat' dir='ltr'>haec</span> <span class='ocrx_word' id='word_1_275' title='bbox 780 3799 811 3854; x_wconf 93' lang='lat' dir='ltr'>et</span> <span class='ocrx_word' id='word_1_276' title='bbox 830 3775 931 3857; x_wconf 86' lang='lat' dir='ltr'>Silani</span> <span class='ocrx_word' id='word_1_277' title='bbox 952 3802 984 3856; x_wconf 89' lang='lat' dir='ltr'>et</span> <span class='ocrx_word' id='word_1_278' title='bbox 1002 3792 1108 3860; x_wconf 87' lang='lat' dir='ltr'>Cassii</span> <span class='ocrx_word' id='word_1_279' title='bbox 1130 3794 1230 3862; x_wconf 91' lang='lat' dir='ltr'>isdem</span> <span class='ocrx_word' id='word_1_280' title='bbox 1252 3793 1353 3858; x_wconf 78' lang='lat' dir='ltr'>ferme</span> 
     </span>
     <span class='ocr_line' id='line_1_38' title="bbox 323 3877 1353 3964; baseline 0.008 -22"><span class='ocrx_word' id='word_1_281' title='bbox 323 3887 377 3942; x_wconf 90' lang='lat' dir='ltr'>aut</span> <span class='ocrx_word' id='word_1_282' title='bbox 393 3877 548 3964; x_wconf 89' lang='lat' dir='ltr'>paulum</span> <span class='ocrx_word' id='word_1_283' title='bbox 539 3881 710 3948; x_wconf 78' lang='lat' dir='ltr'>immutatis</span> <span class='ocrx_word' id='word_1_284' title='bbox 733 3882 851 3962; x_wconf 90' lang='lat' dir='ltr'>verbis,</span> <span class='ocrx_word' id='word_1_285' title='bbox 875 3885 1110 3952; x_wconf 86' lang='lat' dir='ltr'>adseveratione</span> <span class='ocrx_word' id='word_1_286' title='bbox 1128 3886 1227 3952; x_wconf 87' lang='lat' dir='ltr'>multa</span> <span class='ocrx_word' id='word_1_287' title='bbox 1244 3908 1353 3952; x_wconf 89' lang='lat' dir='ltr'>cense-</span> 
     </span>
     <span class='ocr_line' id='line_1_39' title="bbox 323 3971 1351 4067; baseline 0.008 -31"><span class='ocrx_word' id='word_1_288' title='bbox 323 3971 413 4050; x_wconf 90' lang='lat' dir='ltr'>bant,</span> <span class='ocrx_word' id='word_1_289' title='bbox 440 3994 512 4039; x_wconf 91' lang='lat' dir='ltr'>cum</span> <span class='ocrx_word' id='word_1_290' title='bbox 534 3986 662 4060; x_wconf 88' lang='lat' dir='ltr'>repente</span> <span class='ocrx_word' id='word_1_291' title='bbox 684 3975 847 4064; x_wconf 87' lang='lat' dir='ltr'>Togonius</span> <span class='ocrx_word' id='word_1_292' title='bbox 871 3977 997 4057; x_wconf 85' lang='lat' dir='ltr'>Gallus,</span> <span class='ocrx_word' id='word_1_293' title='bbox 1024 3981 1101 4047; x_wconf 92' lang='lat' dir='ltr'>dum</span> <span class='ocrx_word' id='word_1_294' title='bbox 1123 3980 1351 4067; x_wconf 86' lang='lat' dir='ltr'>ignobilitatem</span> 
     </span>
     <span class='ocr_line' id='line_1_40' title="bbox 324 4068 1351 4160; baseline 0.008 -30"><span class='ocrx_word' id='word_1_295' title='bbox 324 4087 415 4130; x_wconf 88' lang='lat' dir='ltr'>suam</span> <span class='ocrx_word' id='word_1_296' title='bbox 431 4068 554 4153; x_wconf 90' lang='lat' dir='ltr'>magnis</span> <span class='ocrx_word' id='word_1_297' title='bbox 572 4069 752 4136; x_wconf 89' lang='lat' dir='ltr'>nominibus</span> <span class='ocrx_word' id='word_1_298' title='bbox 769 4071 891 4151; x_wconf 89' lang='lat' dir='ltr'>inserit,</span> <span class='ocrx_word' id='word_1_299' title='bbox 913 4074 1194 4160; x_wconf 90' lang='lat' dir='ltr'>perderidiculum</span> <span class='ocrx_word' id='word_1_300' title='bbox 1212 4074 1351 4139; x_wconf 83' lang='lat' dir='ltr'>auditur:</span> 
     </span>
     <span class='ocr_line' id='line_1_41' title="bbox 323 4160 1351 4256; baseline 0.002 -26"><span class='ocrx_word' id='word_1_301' title='bbox 323 4180 395 4230; x_wconf 77' lang='lat' dir='ltr'>uam</span> <span class='ocrx_word' id='word_1_302' title='bbox 412 4160 586 4246; x_wconf 87' lang='lat' dir='ltr'>principem</span> <span class='ocrx_word' id='word_1_303' title='bbox 603 4163 713 4230; x_wconf 87' lang='lat' dir='ltr'>orabat</span> <span class='ocrx_word' id='word_1_304' title='bbox 734 4165 871 4253; x_wconf 87' lang='lat' dir='ltr'>deligere</span> <span class='ocrx_word' id='word_1_305' title='bbox 889 4178 1064 4246; x_wconf 87' lang='lat' dir='ltr'>senatores,</span> <span class='ocrx_word' id='word_1_306' title='bbox 1088 4191 1128 4236; x_wconf 88' lang='lat' dir='ltr'>ex</span> <span class='ocrx_word' id='word_1_307' title='bbox 1146 4169 1217 4254; x_wconf 90' lang='lat' dir='ltr'>quis</span> <span class='ocrx_word' id='word_1_308' title='bbox 1240 4167 1351 4256; x_wconf 88' lang='lat' dir='ltr'>viginti</span> 
     </span>
    </p>
   </div>
   <div class='ocr_carea' id='block_1_3' title="bbox 0 0 1484 4962">
    <p class='ocr_par' dir='ltr' id='par_1_9' title="bbox 0 0 1484 4962">
     <span class='ocr_line' id='line_1_42' title="bbox 0 0 1484 4962; baseline 0 0"><span class='ocrx_word' id='word_1_309' title='bbox 0 0 1484 4962; x_wconf 95' lang='lat' dir='ltr'> </span> 
     </span>
    </p>
   </div>
  </div>
 </body>
</html>
