<?xml version="1.0" encoding="UTF-8"?>
<!DOCTYPE html PUBLIC "-//W3C//DTD XHTML 1.0 Transitional//EN"
    "http://www.w3.org/TR/xhtml1/DTD/xhtml1-transitional.dtd">
<html xmlns="http://www.w3.org/1999/xhtml" xml:lang="en" lang="en">
 <head>
  <title>
</title>
<meta http-equiv="Content-Type" content="text/html;charset=utf-8" />
  <meta name='ocr-system' content='tesseract 3.04.00' />
  <meta name='ocr-capabilities' content='ocr_page ocr_carea ocr_par ocr_line ocrx_word'/>
</head>
<body>
  <div class='ocr_page' id='page_1' title='image "./corneliitacitio00haasgoog_0197.png"; bbox 0 0 2960 4962; ppageno 0'>
   <div class='ocr_carea' id='block_1_1' title="bbox 302 413 1348 556">
    <p class='ocr_par' dir='ltr' id='par_1_1' title="bbox 302 413 1348 556">
     <span class='ocr_line' id='line_1_1' title="bbox 302 413 975 480; baseline -0.003 -2"><span class='ocrx_word' id='word_1_1' title='bbox 302 413 362 478; x_wconf 73' lang='lat'><strong>120</strong></span> <span class='ocrx_word' id='word_1_2' title='bbox 649 420 833 480; x_wconf 75' lang='lat' dir='ltr'>CORNELII</span> <span class='ocrx_word' id='word_1_3' title='bbox 846 418 975 476; x_wconf 76' lang='lat' dir='ltr'><strong>TACITI</strong></span> 
     </span>
     <span class='ocr_line' id='line_1_2' title="bbox 1156 516 1348 556; baseline 0.021 -4"><span class='ocrx_word' id='word_1_4' title='bbox 1156 539 1162 546; x_wconf 87' lang='lat'>.</span> <span class='ocrx_word' id='word_1_5' title='bbox 1217 525 1236 553; x_wconf 80' lang='grc' dir='ltr'>ι.</span> <span class='ocrx_word' id='word_1_6' title='bbox 1246 525 1267 554; x_wconf 82' lang='grc' dir='ltr'>ι.</span> <span class='ocrx_word' id='word_1_7' title='bbox 1279 516 1348 556; x_wconf 73' lang='grc' dir='ltr'><strong>πο.</strong></span> 
     </span>
    </p>
   </div>
   <div class='ocr_carea' id='block_1_2' title="bbox 221 577 1345 4236">
    <p class='ocr_par' dir='ltr' id='par_1_2' title="bbox 221 577 1345 850">
     <span class='ocr_line' id='line_1_3' title="bbox 297 577 1345 667; baseline -0.003 -18"><span class='ocrx_word' id='word_1_8' title='bbox 297 582 384 649; x_wconf 75' lang='lat' dir='ltr'><strong>acsi</strong></span> <span class='ocrx_word' id='word_1_9' title='bbox 405 580 534 648; x_wconf 89' lang='lat' dir='ltr'><strong>modum</strong></span> <span class='ocrx_word' id='word_1_10' title='bbox 556 579 687 646; x_wconf 86' lang='lat' dir='ltr'><strong>orationi</strong></span> <span class='ocrx_word' id='word_1_11' title='bbox 707 577 878 664; x_wconf 78' lang='lat' dir='ltr'>posuisset,</span> <span class='ocrx_word' id='word_1_12' title='bbox 905 578 1118 644; x_wconf 76' lang='lat' dir='ltr'><strong>misericordia</strong></span> <span class='ocrx_word' id='word_1_13' title='bbox 1141 580 1190 644; x_wconf 90' lang='lat' dir='ltr'><strong>sui</strong></span> <span class='ocrx_word' id='word_1_14' title='bbox 1211 582 1345 667; x_wconf 83' lang='lat' dir='ltr'><strong>gloria-</strong></span> 
     </span>
     <span class='ocr_line' id='line_1_4' title="bbox 297 670 1345 762; baseline -0.004 -20"><span class='ocrx_word' id='word_1_15' title='bbox 297 697 358 762; x_wconf 86' lang='lat' dir='ltr'><strong>que</strong></span> <span class='ocrx_word' id='word_1_16' title='bbox 376 675 497 741; x_wconf 86' lang='lat' dir='ltr'><strong>animos</strong></span> <span class='ocrx_word' id='word_1_17' title='bbox 514 672 708 739; x_wconf 87' lang='lat' dir='ltr'><strong>audientium</strong></span> <span class='ocrx_word' id='word_1_18' title='bbox 724 671 921 758; x_wconf 86' lang='lat' dir='ltr'><strong>impleverat:</strong></span> <span class='ocrx_word' id='word_1_19' title='bbox 940 672 981 736; x_wconf 90' lang='lat' dir='ltr'><strong>ad</strong></span> <span class='ocrx_word' id='word_1_20' title='bbox 998 670 1080 736; x_wconf 78' lang='lat' dir='ltr'><strong>vana</strong></span> <span class='ocrx_word' id='word_1_21' title='bbox 1097 682 1129 737; x_wconf 90' lang='lat' dir='ltr'><strong>et</strong></span> <span class='ocrx_word' id='word_1_22' title='bbox 1146 674 1260 740; x_wconf 90' lang='lat' dir='ltr'><strong>totiens</strong></span> <span class='ocrx_word' id='word_1_23' title='bbox 1278 676 1345 739; x_wconf 90' lang='lat' dir='ltr'><strong>in-</strong></span> 
     </span>
     <span class='ocr_line' id='line_1_5' title="bbox 221 765 1342 850; baseline -0.001 -18"><span class='ocrx_word' id='word_1_24' title='bbox 221 819 228 832; x_wconf 91' lang='lat'><em>.</em></span> <span class='ocrx_word' id='word_1_25' title='bbox 297 771 361 836; x_wconf 87' lang='lat' dir='ltr'><strong>risa</strong></span> <span class='ocrx_word' id='word_1_26' title='bbox 376 767 547 845; x_wconf 88' lang='lat' dir='ltr'><strong>revolutus,</strong></span> <span class='ocrx_word' id='word_1_27' title='bbox 566 767 605 832; x_wconf 90' lang='lat' dir='ltr'><strong>de</strong></span> <span class='ocrx_word' id='word_1_28' title='bbox 623 767 783 832; x_wconf 85' lang='lat' dir='ltr'><strong>reddenda</strong></span> <span class='ocrx_word' id='word_1_29' title='bbox 799 787 833 830; x_wconf 89' lang='lat' dir='ltr'><strong>re</strong></span> <span class='ocrx_word' id='word_1_30' title='bbox 850 765 977 850; x_wconf 90' lang='lat' dir='ltr'><strong>publica</strong></span> <span class='ocrx_word' id='word_1_31' title='bbox 991 775 1086 848; x_wconf 89' lang='lat' dir='ltr'><strong>utque</strong></span> <span class='ocrx_word' id='word_1_32' title='bbox 1105 767 1250 832; x_wconf 89' lang='lat' dir='ltr'><strong>consules</strong></span> <span class='ocrx_word' id='word_1_33' title='bbox 1269 790 1342 833; x_wconf 87' lang='lat' dir='ltr'><strong>seu</strong></span> 
     </span>
    </p>

    <p class='ocr_par' dir='ltr' id='par_1_3' title="bbox 297 853 1339 1509">
     <span class='ocr_line' id='line_1_6' title="bbox 297 853 1339 948; baseline -0.004 -18"><span class='ocrx_word' id='word_1_34' title='bbox 297 864 368 948; x_wconf 91' lang='lat' dir='ltr'><strong>quis</strong></span> <span class='ocrx_word' id='word_1_35' title='bbox 391 862 470 928; x_wconf 88' lang='lat' dir='ltr'><strong>alius</strong></span> <span class='ocrx_word' id='word_1_36' title='bbox 492 861 633 948; x_wconf 86' lang='lat' dir='ltr'><strong>regimen</strong></span> <span class='ocrx_word' id='word_1_37' title='bbox 648 853 865 945; x_wconf 84' lang='lat' dir='ltr'><strong>susciperent,</strong></span> <span class='ocrx_word' id='word_1_38' title='bbox 892 881 967 924; x_wconf 89' lang='lat' dir='ltr'><strong>vero</strong></span> <span class='ocrx_word' id='word_1_39' title='bbox 994 871 1118 942; x_wconf 89' lang='lat' dir='ltr'><strong>quoque</strong></span> <span class='ocrx_word' id='word_1_40' title='bbox 1141 870 1173 925; x_wconf 87' lang='lat' dir='ltr'><strong>st</strong></span> <span class='ocrx_word' id='word_1_41' title='bbox 1194 861 1339 926; x_wconf 84' lang='lat' dir='ltr'><strong>honesto</strong></span> 
     </span>
     <span class='ocr_line' id='line_1_7' title="bbox 298 951 1339 1042; baseline -0.004 -20"><span class='ocrx_word' id='word_1_42' title='bbox 298 957 394 1024; x_wconf 87' lang='lat' dir='ltr'><strong>fidem</strong></span> <span class='ocrx_word' id='word_1_43' title='bbox 411 955 555 1042; x_wconf 80' lang='lat' dir='ltr'><strong>dempsit.</strong></span> <span class='ocrx_word' id='word_1_44' title='bbox 578 954 746 1019; x_wconf 82' lang='lat' dir='ltr'>memoriae</span> <span class='ocrx_word' id='word_1_45' title='bbox 763 952 991 1018; x_wconf 85' lang='lat' dir='ltr'><strong>Drusieadem</strong></span> <span class='ocrx_word' id='word_1_46' title='bbox 1009 974 1090 1036; x_wconf 89' lang='lat' dir='ltr'><strong>quae</strong></span> <span class='ocrx_word' id='word_1_47' title='bbox 1107 952 1140 1016; x_wconf 93' lang='lat' dir='ltr'><strong>in</strong></span> <span class='ocrx_word' id='word_1_48' title='bbox 1160 951 1339 1020; x_wconf 86' lang='lat' dir='ltr'><strong>Germani-</strong></span> 
     </span>
     <span class='ocr_line' id='line_1_8' title="bbox 299 1045 1336 1133; baseline -0.006 -15"><span class='ocrx_word' id='word_1_49' title='bbox 299 1073 371 1118; x_wconf 84' lang='lat' dir='ltr'><strong>cum</strong></span> <span class='ocrx_word' id='word_1_50' title='bbox 389 1051 609 1124; x_wconf 88' lang='lat' dir='ltr'><strong>decernuntur,</strong></span> <span class='ocrx_word' id='word_1_51' title='bbox 628 1046 785 1133; x_wconf 88' lang='lat' dir='ltr'><strong>plerisque</strong></span> <span class='ocrx_word' id='word_1_52' title='bbox 801 1045 931 1122; x_wconf 86' lang='lat' dir='ltr'><strong>additis,</strong></span> <span class='ocrx_word' id='word_1_53' title='bbox 950 1055 986 1114; x_wconf 89' lang='lat' dir='ltr'><strong>ut</strong></span> <span class='ocrx_word' id='word_1_54' title='bbox 1002 1045 1101 1110; x_wconf 81' lang='lat' dir='ltr'><strong>ferme</strong></span> <span class='ocrx_word' id='word_1_55' title='bbox 1119 1056 1205 1112; x_wconf 87' lang='lat' dir='ltr'><strong>amat</strong></span> <span class='ocrx_word' id='word_1_56' title='bbox 1221 1057 1336 1132; x_wconf 89' lang='lat' dir='ltr'><strong>poste-</strong></span> 
     </span>
     <span class='ocr_line' id='line_1_9' title="bbox 298 1139 1333 1249; baseline -0.004 -39"><span class='ocrx_word' id='word_1_57' title='bbox 298 1145 361 1210; x_wconf 83' lang='lat' dir='ltr'>rior</span> <span class='ocrx_word' id='word_1_58' title='bbox 386 1143 532 1210; x_wconf 81' lang='lat' dir='ltr'><strong>adulatio.</strong></span> <span class='ocrx_word' id='word_1_59' title='bbox 567 1141 663 1206; x_wconf 82' lang='lat' dir='ltr'><strong>sunus</strong></span> <span class='ocrx_word' id='word_1_60' title='bbox 689 1140 862 1249; x_wconf 82' lang='lat' dir='ltr'><strong>imaginum</strong></span> <span class='ocrx_word' id='word_1_61' title='bbox 891 1161 1009 1224; x_wconf 90' lang='lat' dir='ltr'><strong>pompa</strong></span> <span class='ocrx_word' id='word_1_62' title='bbox 1033 1139 1169 1206; x_wconf 85' lang='lat' dir='ltr'><strong>maxime</strong></span> <span class='ocrx_word' id='word_1_63' title='bbox 1195 1141 1333 1206; x_wconf 78' lang='lat' dir='ltr'><strong>inlustre</strong></span> 
     </span>
     <span class='ocr_line' id='line_1_10' title="bbox 298 1231 1332 1322; baseline -0.004 -19"><span class='ocrx_word' id='word_1_64' title='bbox 298 1238 373 1316; x_wconf 82' lang='lat' dir='ltr'><strong>luit,</strong></span> <span class='ocrx_word' id='word_1_65' title='bbox 396 1260 468 1302; x_wconf 90' lang='lat' dir='ltr'><strong>oum</strong></span> <span class='ocrx_word' id='word_1_66' title='bbox 491 1236 578 1322; x_wconf 85' lang='lat' dir='ltr'><strong>origo</strong></span> <span class='ocrx_word' id='word_1_67' title='bbox 596 1235 696 1299; x_wconf 88' lang='lat' dir='ltr'><strong>Iuliae</strong></span> <span class='ocrx_word' id='word_1_68' title='bbox 718 1234 820 1320; x_wconf 84' lang='lat' dir='ltr'><strong>gentis</strong></span> <span class='ocrx_word' id='word_1_69' title='bbox 839 1231 967 1298; x_wconf 83' lang='lat' dir='ltr'><strong>Aeneas</strong></span> <span class='ocrx_word' id='word_1_70' title='bbox 987 1255 1161 1316; x_wconf 89' lang='lat' dir='ltr'><strong>omnesque</strong></span> <span class='ocrx_word' id='word_1_71' title='bbox 1184 1232 1332 1300; x_wconf 88' lang='lat' dir='ltr'><strong>Albano-</strong></span> 
     </span>
     <span class='ocr_line' id='line_1_11' title="bbox 297 1325 1330 1418; baseline -0.006 -20"><span class='ocrx_word' id='word_1_72' title='bbox 297 1355 368 1398; x_wconf 88' lang='lat' dir='ltr'><strong>rum</strong></span> <span class='ocrx_word' id='word_1_73' title='bbox 385 1353 476 1418; x_wconf 85' lang='lat' dir='ltr'><strong>reges</strong></span> <span class='ocrx_word' id='word_1_74' title='bbox 495 1339 526 1395; x_wconf 90' lang='lat' dir='ltr'><strong>et</strong></span> <span class='ocrx_word' id='word_1_75' title='bbox 547 1329 688 1395; x_wconf 88' lang='lat' dir='ltr'><strong>conditor</strong></span> <span class='ocrx_word' id='word_1_76' title='bbox 709 1326 809 1393; x_wconf 90' lang='lat' dir='ltr'><strong>urbis</strong></span> <span class='ocrx_word' id='word_1_77' title='bbox 813 1326 983 1404; x_wconf 85' lang='lat' dir='ltr'><strong>Romulus,</strong></span> <span class='ocrx_word' id='word_1_78' title='bbox 1005 1335 1078 1412; x_wconf 89' lang='lat' dir='ltr'><strong>post</strong></span> <span class='ocrx_word' id='word_1_79' title='bbox 1097 1325 1216 1392; x_wconf 88' lang='lat' dir='ltr'><strong>Sabina</strong></span> <span class='ocrx_word' id='word_1_80' title='bbox 1237 1327 1330 1392; x_wconf 91' lang='lat' dir='ltr'><strong>nobi-</strong></span> 
     </span>
     <span class='ocr_line' id='line_1_12' title="bbox 298 1413 1326 1509; baseline -0.004 -19"><span class='ocrx_word' id='word_1_81' title='bbox 298 1426 379 1503; x_wconf 90' lang='lat' dir='ltr'><strong>litas,</strong></span> <span class='ocrx_word' id='word_1_82' title='bbox 397 1424 444 1490; x_wconf 89' lang='lat' dir='ltr'><strong>At</strong></span> <span class='ocrx_word' id='word_1_83' title='bbox 431 1435 495 1490; x_wconf 89' lang='lat' dir='ltr'><strong>ttus</strong></span> <span class='ocrx_word' id='word_1_84' title='bbox 510 1423 647 1489; x_wconf 87' lang='lat' dir='ltr'><strong>Clausus</strong></span> <span class='ocrx_word' id='word_1_85' title='bbox 665 1413 848 1506; x_wconf 88' lang='lat' dir='ltr'><strong>ceteraeque</strong></span> <span class='ocrx_word' id='word_1_86' title='bbox 867 1420 1072 1487; x_wconf 79' lang='lat' dir='ltr'><strong>Claudiorum</strong></span> <span class='ocrx_word' id='word_1_87' title='bbox 1090 1421 1213 1508; x_wconf 82' lang='lat' dir='ltr'><strong>effigies</strong></span> <span class='ocrx_word' id='word_1_88' title='bbox 1231 1422 1326 1509; x_wconf 85' lang='lat' dir='ltr'><strong>longo</strong></span> 
     </span>
    </p>

    <p class='ocr_par' dir='ltr' id='par_1_4' title="bbox 262 1520 646 1604">
     <span class='ocr_line' id='line_1_13' title="bbox 262 1520 646 1604; baseline -0.011 -19"><span class='ocrx_word' id='word_1_89' title='bbox 262 1543 264 1548; x_wconf 49' lang='lat'><strong>¹</strong></span> <span class='ocrx_word' id='word_1_90' title='bbox 299 1520 406 1584; x_wconf 89' lang='lat' dir='ltr'><strong>ordine</strong></span> <span class='ocrx_word' id='word_1_91' title='bbox 425 1527 646 1604; x_wconf 86' lang='lat' dir='ltr'><strong>spectarentur</strong></span> 
     </span>
    </p>

    <p class='ocr_par' dir='ltr' id='par_1_5' title="bbox 250 1610 1331 2730">
     <span class='ocr_line' id='line_1_14' title="bbox 250 1610 1326 1696; baseline -0.004 -16"><span class='ocrx_word' id='word_1_92' title='bbox 250 1633 281 1680; x_wconf 91' lang='lat'><strong>10</strong></span> <span class='ocrx_word' id='word_1_93' title='bbox 362 1612 402 1676; x_wconf 91' lang='lat' dir='ltr'><strong>In</strong></span> <span class='ocrx_word' id='word_1_94' title='bbox 427 1611 578 1688; x_wconf 88' lang='lat' dir='ltr'><strong>tradenda</strong></span> <span class='ocrx_word' id='word_1_95' title='bbox 603 1620 703 1676; x_wconf 88' lang='lat' dir='ltr'><strong>morte</strong></span> <span class='ocrx_word' id='word_1_96' title='bbox 726 1611 827 1676; x_wconf 88' lang='lat' dir='ltr'><strong>Drusi</strong></span> <span class='ocrx_word' id='word_1_97' title='bbox 853 1633 933 1694; x_wconf 86' lang='lat' dir='ltr'><strong>quae</strong></span> <span class='ocrx_word' id='word_1_98' title='bbox 959 1610 1101 1696; x_wconf 88' lang='lat' dir='ltr'><strong>plurimis</strong></span> <span class='ocrx_word' id='word_1_99' title='bbox 1128 1612 1326 1696; x_wconf 86' lang='lat' dir='ltr'><strong>maximeque</strong></span> 
     </span>
     <span class='ocr_line' id='line_1_15' title="bbox 298 1705 1327 1772; baseline -0.004 0"><span class='ocrx_word' id='word_1_100' title='bbox 298 1707 370 1772; x_wconf 85' lang='lat' dir='ltr'><strong>fidis</strong></span> <span class='ocrx_word' id='word_1_101' title='bbox 392 1705 572 1771; x_wconf 83' lang='lat' dir='ltr'><strong>auctoribus</strong></span> <span class='ocrx_word' id='word_1_102' title='bbox 594 1715 765 1772; x_wconf 89' lang='lat' dir='ltr'><strong>memorata</strong></span> <span class='ocrx_word' id='word_1_103' title='bbox 787 1714 861 1772; x_wconf 88' lang='lat' dir='ltr'><strong>sunt</strong></span> <span class='ocrx_word' id='word_1_104' title='bbox 877 1705 982 1770; x_wconf 88' lang='lat' dir='ltr'><strong>retuli:</strong></span> <span class='ocrx_word' id='word_1_105' title='bbox 1007 1706 1065 1771; x_wconf 89' lang='lat' dir='ltr'><strong>sed</strong></span> <span class='ocrx_word' id='word_1_106' title='bbox 1083 1728 1147 1771; x_wconf 92' lang='lat' dir='ltr'><strong>non</strong></span> <span class='ocrx_word' id='word_1_107' title='bbox 1168 1706 1327 1772; x_wconf 90' lang='lat' dir='ltr'><strong>omiserim</strong></span> 
     </span>
     <span class='ocr_line' id='line_1_16' title="bbox 299 1800 1327 1886; baseline -0.004 -20"><span class='ocrx_word' id='word_1_108' title='bbox 299 1802 468 1866; x_wconf 77' lang='lat' dir='ltr'><strong>eortmdem</strong></span> <span class='ocrx_word' id='word_1_109' title='bbox 486 1810 661 1886; x_wconf 88' lang='lat' dir='ltr'><strong>temporum</strong></span> <span class='ocrx_word' id='word_1_110' title='bbox 678 1820 849 1877; x_wconf 91' lang='lat' dir='ltr'><strong>rumorem,</strong></span> <span class='ocrx_word' id='word_1_111' title='bbox 873 1800 1012 1864; x_wconf 83' lang='lat' dir='ltr'><strong>validum</strong></span> <span class='ocrx_word' id='word_1_112' title='bbox 1034 1801 1112 1866; x_wconf 91' lang='lat' dir='ltr'><strong>adeo</strong></span> <span class='ocrx_word' id='word_1_113' title='bbox 1130 1809 1165 1864; x_wconf 90' lang='lat' dir='ltr'><strong>ut</strong></span> <span class='ocrx_word' id='word_1_114' title='bbox 1186 1800 1327 1865; x_wconf 93' lang='lat' dir='ltr'><strong>nondum</strong></span> 
     </span>
     <span class='ocr_line' id='line_1_17' title="bbox 300 1892 1329 1981; baseline -0.002 -21"><span class='ocrx_word' id='word_1_115' title='bbox 300 1895 466 1963; x_wconf 82' lang='lat' dir='ltr'><strong>exolescat.</strong></span> <span class='ocrx_word' id='word_1_116' title='bbox 494 1904 638 1981; x_wconf 85' lang='lat' dir='ltr'><strong>corrupta</strong></span> <span class='ocrx_word' id='word_1_117' title='bbox 656 1895 697 1958; x_wconf 89' lang='lat' dir='ltr'><strong>ad</strong></span> <span class='ocrx_word' id='word_1_118' title='bbox 719 1894 822 1959; x_wconf 83' lang='lat' dir='ltr'><strong>scelus</strong></span> <span class='ocrx_word' id='word_1_119' title='bbox 840 1894 936 1958; x_wconf 91' lang='lat' dir='ltr'><strong>Livia</strong></span> <span class='ocrx_word' id='word_1_120' title='bbox 955 1892 1106 1961; x_wconf 89' lang='lat' dir='ltr'><strong>Seianum</strong></span> <span class='ocrx_word' id='word_1_121' title='bbox 1123 1894 1233 1980; x_wconf 86' lang='lat' dir='ltr'><strong>Lygdi</strong></span> <span class='ocrx_word' id='word_1_122' title='bbox 1251 1915 1329 1977; x_wconf 87' lang='lat' dir='ltr'><strong>quo-</strong></span> 
     </span>
     <span class='ocr_line' id='line_1_18' title="bbox 299 1988 1327 2075; baseline -0.005 -19"><span class='ocrx_word' id='word_1_123' title='bbox 299 2011 361 2074; x_wconf 87' lang='lat' dir='ltr'><strong>que</strong></span> <span class='ocrx_word' id='word_1_124' title='bbox 388 1989 535 2075; x_wconf 89' lang='lat' dir='ltr'><strong>spadonis</strong></span> <span class='ocrx_word' id='word_1_125' title='bbox 562 1989 701 2053; x_wconf 89' lang='lat' dir='ltr'><strong>animum</strong></span> <span class='ocrx_word' id='word_1_126' title='bbox 724 1997 831 2073; x_wconf 91' lang='lat' dir='ltr'><strong>stupro</strong></span> <span class='ocrx_word' id='word_1_127' title='bbox 854 1988 1007 2065; x_wconf 85' lang='lat' dir='ltr'><strong>vinxisse,</strong></span> <span class='ocrx_word' id='word_1_128' title='bbox 1034 1989 1119 2072; x_wconf 90' lang='lat' dir='ltr'><strong>quod</strong></span> <span class='ocrx_word' id='word_1_129' title='bbox 1140 1989 1167 2052; x_wconf 92' lang='lat' dir='ltr'><strong>is</strong></span> <span class='ocrx_word' id='word_1_130' title='bbox 1189 1988 1327 2074; x_wconf 88' lang='lat' dir='ltr'><strong>Lygdus</strong></span> 
     </span>
     <span class='ocr_line' id='line_1_19' title="bbox 300 2075 1329 2168; baseline -0.005 -18"><span class='ocrx_word' id='word_1_131' title='bbox 300 2094 402 2150; x_wconf 88' lang='lat' dir='ltr'><strong>aetate</strong></span> <span class='ocrx_word' id='word_1_132' title='bbox 424 2095 517 2168; x_wconf 90' lang='lat' dir='ltr'><strong>atque</strong></span> <span class='ocrx_word' id='word_1_133' title='bbox 539 2075 641 2148; x_wconf 85' lang='lat' dir='ltr'><strong>forma</strong></span> <span class='ocrx_word' id='word_1_134' title='bbox 667 2105 757 2148; x_wconf 75' lang='lat' dir='ltr'><strong>cartus</strong></span> <span class='ocrx_word' id='word_1_135' title='bbox 780 2083 906 2147; x_wconf 86' lang='lat' dir='ltr'><strong>domino</strong></span> <span class='ocrx_word' id='word_1_136' title='bbox 932 2083 1075 2166; x_wconf 91' lang='lat' dir='ltr'><strong>interque</strong></span> <span class='ocrx_word' id='word_1_137' title='bbox 1094 2083 1247 2168; x_wconf 87' lang='lat' dir='ltr'><strong>primores</strong></span> <span class='ocrx_word' id='word_1_138' title='bbox 1271 2081 1329 2145; x_wconf 91' lang='lat' dir='ltr'><strong>mi-</strong></span> 
     </span>
     <span class='ocr_line' id='line_1_20' title="bbox 300 2175 1330 2256; baseline -0.005 -12"><span class='ocrx_word' id='word_1_139' title='bbox 300 2179 415 2244; x_wconf 90' lang='lat' dir='ltr'><strong>nistros</strong></span> <span class='ocrx_word' id='word_1_140' title='bbox 434 2189 512 2256; x_wconf 83' lang='lat' dir='ltr'><strong>erat3</strong></span> <span class='ocrx_word' id='word_1_141' title='bbox 531 2178 643 2242; x_wconf 91' lang='lat' dir='ltr'><strong>deinde</strong></span> <span class='ocrx_word' id='word_1_142' title='bbox 661 2178 741 2242; x_wconf 89' lang='lat' dir='ltr'><strong>inter</strong></span> <span class='ocrx_word' id='word_1_143' title='bbox 753 2177 895 2244; x_wconf 86' lang='lat' dir='ltr'><strong>conscios</strong></span> <span class='ocrx_word' id='word_1_144' title='bbox 913 2177 968 2241; x_wconf 92' lang='lat' dir='ltr'><strong>ubi</strong></span> <span class='ocrx_word' id='word_1_145' title='bbox 984 2175 1072 2241; x_wconf 86' lang='lat' dir='ltr'><strong>locus</strong></span> <span class='ocrx_word' id='word_1_146' title='bbox 1089 2175 1234 2241; x_wconf 87' lang='lat' dir='ltr'><strong>veneficii</strong></span> <span class='ocrx_word' id='word_1_147' title='bbox 1250 2185 1330 2240; x_wconf 90' lang='lat' dir='ltr'><strong>tem-</strong></span> 
     </span>
     <span class='ocr_line' id='line_1_21' title="bbox 300 2269 1330 2358; baseline -0.002 -22"><span class='ocrx_word' id='word_1_148' title='bbox 300 2294 422 2357; x_wconf 91' lang='lat' dir='ltr'><strong>pusque</strong></span> <span class='ocrx_word' id='word_1_149' title='bbox 440 2272 603 2358; x_wconf 88' lang='lat' dir='ltr'><strong>conposita</strong></span> <span class='ocrx_word' id='word_1_150' title='bbox 620 2271 695 2349; x_wconf 90' lang='lat' dir='ltr'><strong>sint,</strong></span> <span class='ocrx_word' id='word_1_151' title='bbox 718 2293 756 2336; x_wconf 91' lang='lat' dir='ltr'><strong>eo</strong></span> <span class='ocrx_word' id='word_1_152' title='bbox 773 2269 923 2340; x_wconf 88' lang='lat' dir='ltr'><strong>audaciae</strong></span> <span class='ocrx_word' id='word_1_153' title='bbox 939 2279 1123 2356; x_wconf 86' lang='lat' dir='ltr'><strong>proveetum</strong></span> <span class='ocrx_word' id='word_1_154' title='bbox 1141 2279 1177 2334; x_wconf 91' lang='lat' dir='ltr'><strong>ut</strong></span> <span class='ocrx_word' id='word_1_155' title='bbox 1193 2279 1330 2334; x_wconf 87' lang='lat' dir='ltr'><strong>verteret</strong></span> 
     </span>
     <span class='ocr_line' id='line_1_22' title="bbox 301 2364 1330 2450; baseline 0 -20"><span class='ocrx_word' id='word_1_156' title='bbox 301 2375 332 2430; x_wconf 88' lang='lat' dir='ltr'><strong>st</strong></span> <span class='ocrx_word' id='word_1_157' title='bbox 350 2365 471 2430; x_wconf 89' lang='lat' dir='ltr'><strong>occulto</strong></span> <span class='ocrx_word' id='word_1_158' title='bbox 489 2365 603 2430; x_wconf 88' lang='lat' dir='ltr'><strong>indicio</strong></span> <span class='ocrx_word' id='word_1_159' title='bbox 621 2364 764 2429; x_wconf 85' lang='lat' dir='ltr'><strong>Drusum</strong></span> <span class='ocrx_word' id='word_1_160' title='bbox 785 2365 898 2429; x_wconf 83' lang='lat' dir='ltr'><strong>veneni</strong></span> <span class='ocrx_word' id='word_1_161' title='bbox 915 2365 949 2428; x_wconf 92' lang='lat' dir='ltr'><strong>in</strong></span> <span class='ocrx_word' id='word_1_162' title='bbox 965 2373 1086 2450; x_wconf 89' lang='lat' dir='ltr'><strong>patrem</strong></span> <span class='ocrx_word' id='word_1_163' title='bbox 1107 2387 1244 2450; x_wconf 84' lang='lat' dir='ltr'><strong>arguens</strong></span> <span class='ocrx_word' id='word_1_164' title='bbox 1262 2381 1330 2430; x_wconf 90' lang='lat' dir='ltr'><strong>mo-</strong></span> 
     </span>
     <span class='ocr_line' id='line_1_23' title="bbox 301 2457 1331 2544; baseline -0.001 -21"><span class='ocrx_word' id='word_1_165' title='bbox 301 2468 389 2523; x_wconf 88' lang='lat' dir='ltr'><strong>neret</strong></span> <span class='ocrx_word' id='word_1_166' title='bbox 410 2457 571 2522; x_wconf 83' lang='lat' dir='ltr'><strong>Tiberium</strong></span> <span class='ocrx_word' id='word_1_167' title='bbox 593 2458 753 2522; x_wconf 86' lang='lat' dir='ltr'><strong>vitandam</strong></span> <span class='ocrx_word' id='word_1_168' title='bbox 778 2458 937 2543; x_wconf 90' lang='lat' dir='ltr'><strong>potionem</strong></span> <span class='ocrx_word' id='word_1_169' title='bbox 963 2480 1043 2542; x_wconf 88' lang='lat' dir='ltr'><strong>quae</strong></span> <span class='ocrx_word' id='word_1_170' title='bbox 1069 2458 1222 2543; x_wconf 78' lang='lat' dir='ltr'><strong>primasi</strong></span> <span class='ocrx_word' id='word_1_171' title='bbox 1245 2459 1331 2544; x_wconf 90' lang='lat' dir='ltr'><strong>apud</strong></span> 
     </span>
     <span class='ocr_line' id='line_1_24' title="bbox 300 2550 1331 2637; baseline 0 -22"><span class='ocrx_word' id='word_1_172' title='bbox 300 2551 398 2615; x_wconf 92' lang='lat' dir='ltr'><strong>filium</strong></span> <span class='ocrx_word' id='word_1_173' title='bbox 417 2550 555 2636; x_wconf 87' lang='lat' dir='ltr'><strong>epulanti</strong></span> <span class='ocrx_word' id='word_1_174' title='bbox 573 2551 748 2616; x_wconf 85' lang='lat' dir='ltr'><strong>offerretur:</strong></span> <span class='ocrx_word' id='word_1_175' title='bbox 766 2574 804 2616; x_wconf 91' lang='lat' dir='ltr'><strong>ea</strong></span> <span class='ocrx_word' id='word_1_176' title='bbox 816 2551 927 2616; x_wconf 83' lang='lat' dir='ltr'><strong>fraude</strong></span> <span class='ocrx_word' id='word_1_177' title='bbox 941 2562 1007 2616; x_wconf 91' lang='lat' dir='ltr'><strong>tum</strong></span> <span class='ocrx_word' id='word_1_178' title='bbox 1026 2574 1142 2629; x_wconf 90' lang='lat' dir='ltr'><strong>senem,</strong></span> <span class='ocrx_word' id='word_1_179' title='bbox 1161 2561 1331 2637; x_wconf 91' lang='lat' dir='ltr'><strong>postquam</strong></span> 
     </span>
     <span class='ocr_line' id='line_1_25' title="bbox 302 2644 1330 2730; baseline 0 -20"><span class='ocrx_word' id='word_1_180' title='bbox 302 2645 480 2710; x_wconf 87' lang='lat' dir='ltr'><strong>convivium</strong></span> <span class='ocrx_word' id='word_1_181' title='bbox 501 2644 625 2722; x_wconf 85' lang='lat' dir='ltr'><strong>inierat,</strong></span> <span class='ocrx_word' id='word_1_182' title='bbox 653 2655 819 2729; x_wconf 82' lang='lat' dir='ltr'><strong>exceptum</strong></span> <span class='ocrx_word' id='word_1_183' title='bbox 844 2645 992 2730; x_wconf 90' lang='lat' dir='ltr'><strong>poculum</strong></span> <span class='ocrx_word' id='word_1_184' title='bbox 1013 2645 1122 2710; x_wconf 90' lang='lat' dir='ltr'><strong>Druso</strong></span> <span class='ocrx_word' id='word_1_185' title='bbox 1148 2645 1330 2723; x_wconf 78' lang='lat' dir='ltr'><strong>tradidisse3</strong></span> 
     </span>
    </p>

    <p class='ocr_par' dir='ltr' id='par_1_6' title="bbox 275 2737 1332 3012">
     <span class='ocr_line' id='line_1_26' title="bbox 275 2737 1332 2824; baseline 0.002 -22"><span class='ocrx_word' id='word_1_186' title='bbox 275 2773 276 2778; x_wconf 18' lang='grc' dir='ltr'><strong>κ</strong></span> <span class='ocrx_word' id='word_1_187' title='bbox 302 2747 395 2821; x_wconf 89' lang='lat' dir='ltr'><strong>atque</strong></span> <span class='ocrx_word' id='word_1_188' title='bbox 412 2738 491 2804; x_wconf 93' lang='lat' dir='ltr'><strong>illo</strong></span> <span class='ocrx_word' id='word_1_189' title='bbox 483 2760 593 2824; x_wconf 86' lang='lat' dir='ltr'><strong>rgnaro</strong></span> <span class='ocrx_word' id='word_1_190' title='bbox 611 2747 642 2802; x_wconf 89' lang='lat' dir='ltr'><strong>et</strong></span> <span class='ocrx_word' id='word_1_191' title='bbox 658 2737 834 2802; x_wconf 85' lang='lat' dir='ltr'><strong>iuveniliter</strong></span> <span class='ocrx_word' id='word_1_192' title='bbox 855 2739 1016 2804; x_wconf 88' lang='lat' dir='ltr'><strong>hauriente</strong></span> <span class='ocrx_word' id='word_1_193' title='bbox 1034 2749 1158 2804; x_wconf 83' lang='lat' dir='ltr'><strong>auctam</strong></span> <span class='ocrx_word' id='word_1_194' title='bbox 1177 2739 1332 2824; x_wconf 88' lang='lat' dir='ltr'><strong>suspicio-</strong></span> 
     </span>
     <span class='ocr_line' id='line_1_27' title="bbox 302 2831 1331 2952; baseline 0.002 -56"><span class='ocrx_word' id='word_1_195' title='bbox 302 2853 387 2910; x_wconf 92' lang='lat' dir='ltr'><strong>nem,</strong></span> <span class='ocrx_word' id='word_1_196' title='bbox 410 2841 570 2940; x_wconf 87' lang='lat' dir='ltr'><strong>tamquam</strong></span> <span class='ocrx_word' id='word_1_197' title='bbox 587 2841 722 2901; x_wconf 88' lang='lat' dir='ltr'><strong>metuet</strong></span> <span class='ocrx_word' id='word_1_198' title='bbox 738 2831 858 2918; x_wconf 88' lang='lat' dir='ltr'><strong>pudore</strong></span> <span class='ocrx_word' id='word_1_199' title='bbox 881 2833 1006 2898; x_wconf 87' lang='lat' dir='ltr'><strong>sibimet</strong></span> <span class='ocrx_word' id='word_1_200' title='bbox 993 2832 1180 2920; x_wconf 86' lang='lat' dir='ltr'><strong>tinrogaret</strong></span> <span class='ocrx_word' id='word_1_201' title='bbox 1197 2841 1331 2952; x_wconf 80' lang='lat' dir='ltr'><strong>mortem</strong></span> 
     </span>
     <span class='ocr_line' id='line_1_28' title="bbox 302 2925 678 3012; baseline 0.005 -23"><span class='ocrx_word' id='word_1_202' title='bbox 302 2945 398 3009; x_wconf 88' lang='lat' dir='ltr'><strong>quam</strong></span> <span class='ocrx_word' id='word_1_203' title='bbox 414 2925 495 3012; x_wconf 90' lang='lat' dir='ltr'><strong>patri</strong></span> <span class='ocrx_word' id='word_1_204' title='bbox 513 2935 678 2991; x_wconf 85' lang='lat' dir='ltr'><strong>stmxerat</strong></span> 
     </span>
    </p>

    <p class='ocr_par' dir='ltr' id='par_1_7' title="bbox 256 3020 1333 4236">
     <span class='ocr_line' id='line_1_29' title="bbox 256 3020 1332 3108; baseline 0.001 -22"><span class='ocrx_word' id='word_1_205' title='bbox 256 3041 282 3088; x_wconf 88' lang='grc' dir='ltr'><strong>ιι</strong></span> <span class='ocrx_word' id='word_1_206' title='bbox 366 3020 458 3086; x_wconf 88' lang='lat' dir='ltr'><strong>Haec</strong></span> <span class='ocrx_word' id='word_1_207' title='bbox 474 3021 571 3108; x_wconf 87' lang='lat' dir='ltr'><strong>vulgo</strong></span> <span class='ocrx_word' id='word_1_208' title='bbox 588 3021 715 3100; x_wconf 87' lang='lat' dir='ltr'><strong>iactata,</strong></span> <span class='ocrx_word' id='word_1_209' title='bbox 736 3043 830 3107; x_wconf 90' lang='lat' dir='ltr'><strong>super</strong></span> <span class='ocrx_word' id='word_1_210' title='bbox 846 3022 879 3086; x_wconf 93' lang='lat' dir='ltr'><strong>id</strong></span> <span class='ocrx_word' id='word_1_211' title='bbox 896 3024 981 3106; x_wconf 90' lang='lat' dir='ltr'><strong>quod</strong></span> <span class='ocrx_word' id='word_1_212' title='bbox 998 3022 1083 3088; x_wconf 90' lang='lat' dir='ltr'><strong>nullo</strong></span> <span class='ocrx_word' id='word_1_213' title='bbox 1102 3031 1173 3087; x_wconf 91' lang='lat' dir='ltr'><strong>auct</strong></span> <span class='ocrx_word' id='word_1_214' title='bbox 1175 3043 1228 3087; x_wconf 90' lang='lat' dir='ltr'><strong>ore</strong></span> <span class='ocrx_word' id='word_1_215' title='bbox 1247 3031 1332 3087; x_wconf 90' lang='lat' dir='ltr'><strong>certo</strong></span> 
     </span>
     <span class='ocr_line' id='line_1_30' title="bbox 303 3115 1333 3202; baseline 0 -22"><span class='ocrx_word' id='word_1_216' title='bbox 303 3115 428 3181; x_wconf 86' lang='lat' dir='ltr'><strong>firmant</strong></span> <span class='ocrx_word' id='word_1_217' title='bbox 415 3126 486 3195; x_wconf 82' lang='lat' dir='ltr'><strong>tur,</strong></span> <span class='ocrx_word' id='word_1_218' title='bbox 501 3125 645 3202; x_wconf 88' lang='lat' dir='ltr'><strong>prompte</strong></span> <span class='ocrx_word' id='word_1_219' title='bbox 614 3115 865 3182; x_wconf 81' lang='lat' dir='ltr'><strong>trsfntaveris:</strong></span> <span class='ocrx_word' id='word_1_220' title='bbox 889 3116 959 3200; x_wconf 92' lang='lat' dir='ltr'><strong>quis</strong></span> <span class='ocrx_word' id='word_1_221' title='bbox 983 3117 1065 3182; x_wconf 91' lang='lat' dir='ltr'><strong>enim</strong></span> <span class='ocrx_word' id='word_1_222' title='bbox 1087 3115 1237 3182; x_wconf 89' lang='lat' dir='ltr'><strong>mediocri</strong></span> <span class='ocrx_word' id='word_1_223' title='bbox 1257 3137 1333 3200; x_wconf 91' lang='lat' dir='ltr'><strong>pru-</strong></span> 
     </span>
     <span class='ocr_line' id='line_1_31' title="bbox 278 3210 1333 3288; baseline 0 -14"><span class='ocrx_word' id='word_1_224' title='bbox 278 3247 280 3250; x_wconf 94' lang='lat'>·</span> <span class='ocrx_word' id='word_1_225' title='bbox 304 3210 423 3288; x_wconf 80' lang='lat' dir='ltr'><strong>dantia,</strong></span> <span class='ocrx_word' id='word_1_226' title='bbox 450 3211 567 3275; x_wconf 90' lang='lat' dir='ltr'><strong>nedum</strong></span> <span class='ocrx_word' id='word_1_227' title='bbox 589 3211 734 3276; x_wconf 85' lang='lat' dir='ltr'><strong>Tiberius</strong></span> <span class='ocrx_word' id='word_1_228' title='bbox 757 3211 852 3275; x_wconf 88' lang='lat' dir='ltr'><strong>tantis</strong></span> <span class='ocrx_word' id='word_1_229' title='bbox 878 3211 971 3276; x_wconf 91' lang='lat' dir='ltr'><strong>rebus</strong></span> <span class='ocrx_word' id='word_1_230' title='bbox 994 3211 1162 3287; x_wconf 88' lang='lat' dir='ltr'><strong>exercitus,</strong></span> <span class='ocrx_word' id='word_1_231' title='bbox 1189 3210 1333 3274; x_wconf 90' lang='lat' dir='ltr'><strong>inaudito</strong></span> 
     </span>
     <span class='ocr_line' id='line_1_32' title="bbox 303 3302 1332 3388; baseline 0 -22"><span class='ocrx_word' id='word_1_232' title='bbox 303 3303 367 3368; x_wconf 87' lang='lat' dir='ltr'><strong>filio</strong></span> <span class='ocrx_word' id='word_1_233' title='bbox 386 3303 515 3367; x_wconf 89' lang='lat' dir='ltr'><strong>exitium</strong></span> <span class='ocrx_word' id='word_1_234' title='bbox 532 3302 672 3380; x_wconf 86' lang='lat' dir='ltr'><strong>offerret,</strong></span> <span class='ocrx_word' id='word_1_235' title='bbox 695 3304 789 3386; x_wconf 89' lang='lat' dir='ltr'><strong>idque</strong></span> <span class='ocrx_word' id='word_1_236' title='bbox 812 3327 870 3368; x_wconf 92' lang='lat' dir='ltr'><strong>sua</strong></span> <span class='ocrx_word' id='word_1_237' title='bbox 887 3327 983 3380; x_wconf 85' lang='lat' dir='ltr'><strong>manu</strong></span> <span class='ocrx_word' id='word_1_238' title='bbox 1005 3313 1036 3369; x_wconf 87' lang='lat' dir='ltr'><strong>st</strong></span> <span class='ocrx_word' id='word_1_239' title='bbox 1052 3303 1138 3368; x_wconf 91' lang='lat' dir='ltr'><strong>nullo</strong></span> <span class='ocrx_word' id='word_1_240' title='bbox 1161 3303 1202 3367; x_wconf 90' lang='lat' dir='ltr'><strong>ad</strong></span> <span class='ocrx_word' id='word_1_241' title='bbox 1222 3302 1332 3388; x_wconf 89' lang='lat' dir='ltr'><strong>paeni-</strong></span> 
     </span>
     <span class='ocr_line' id='line_1_33' title="bbox 305 3396 1331 3481; baseline 0 -21"><span class='ocrx_word' id='word_1_242' title='bbox 305 3396 433 3460; x_wconf 90' lang='lat' dir='ltr'><strong>tendum</strong></span> <span class='ocrx_word' id='word_1_243' title='bbox 449 3396 613 3479; x_wconf 85' lang='lat' dir='ltr'><strong>regressu?</strong></span> <span class='ocrx_word' id='word_1_244' title='bbox 630 3396 706 3478; x_wconf 91' lang='lat' dir='ltr'><strong>quin</strong></span> <span class='ocrx_word' id='word_1_245' title='bbox 723 3397 827 3481; x_wconf 91' lang='lat' dir='ltr'><strong>potius</strong></span> <span class='ocrx_word' id='word_1_246' title='bbox 845 3397 1023 3464; x_wconf 90' lang='lat' dir='ltr'><strong>ministrum</strong></span> <span class='ocrx_word' id='word_1_247' title='bbox 1040 3398 1152 3463; x_wconf 82' lang='lat' dir='ltr'><strong>veneni</strong></span> <span class='ocrx_word' id='word_1_248' title='bbox 1170 3396 1331 3462; x_wconf 84' lang='lat' dir='ltr'><strong>excrucia·</strong></span> 
     </span>
     <span class='ocr_line' id='line_1_34' title="bbox 303 3488 1331 3575; baseline 0.001 -22"><span class='ocrx_word' id='word_1_249' title='bbox 303 3497 360 3565; x_wconf 87' lang='lat' dir='ltr'><strong>ret,</strong></span> <span class='ocrx_word' id='word_1_250' title='bbox 378 3496 537 3552; x_wconf 83' lang='lat' dir='ltr'><strong>auctorem</strong></span> <span class='ocrx_word' id='word_1_251' title='bbox 550 3488 733 3571; x_wconf 83' lang='lat' dir='ltr'><strong>exquireret,</strong></span> <span class='ocrx_word' id='word_1_252' title='bbox 753 3489 994 3575; x_wconf 61' lang='lat' dir='ltr'><strong>insita&#39;denique</strong></span> <span class='ocrx_word' id='word_1_253' title='bbox 1008 3493 1102 3557; x_wconf 87' lang='lat' dir='ltr'><strong>stiam</strong></span> <span class='ocrx_word' id='word_1_254' title='bbox 1115 3492 1148 3556; x_wconf 91' lang='lat' dir='ltr'><strong>in</strong></span> <span class='ocrx_word' id='word_1_255' title='bbox 1165 3499 1331 3556; x_wconf 88' lang='lat' dir='ltr'><strong>extraneos</strong></span> 
     </span>
     <span class='ocr_line' id='line_1_35' title="bbox 305 3581 1331 3652; baseline 0 -4"><span class='ocrx_word' id='word_1_256' title='bbox 305 3581 500 3648; x_wconf 88' lang='lat' dir='ltr'><strong>cunctatione</strong></span> <span class='ocrx_word' id='word_1_257' title='bbox 527 3591 558 3646; x_wconf 92' lang='lat' dir='ltr'><strong>et</strong></span> <span class='ocrx_word' id='word_1_258' title='bbox 583 3603 671 3647; x_wconf 89' lang='lat' dir='ltr'><strong>mora</strong></span> <span class='ocrx_word' id='word_1_259' title='bbox 701 3583 868 3649; x_wconf 90' lang='lat' dir='ltr'><strong>adversum</strong></span> <span class='ocrx_word' id='word_1_260' title='bbox 898 3586 1025 3652; x_wconf 91' lang='lat' dir='ltr'><strong>unicum</strong></span> <span class='ocrx_word' id='word_1_261' title='bbox 1052 3594 1083 3650; x_wconf 88' lang='lat' dir='ltr'><strong>et</strong></span> <span class='ocrx_word' id='word_1_262' title='bbox 1112 3585 1228 3650; x_wconf 88' lang='lat' dir='ltr'><strong>nullius</strong></span> <span class='ocrx_word' id='word_1_263' title='bbox 1260 3593 1331 3649; x_wconf 86' lang='lat' dir='ltr'><strong>ante</strong></span> 
     </span>
     <span class='ocr_line' id='line_1_36' title="bbox 304 3676 1332 3764; baseline -0.001 -22"><span class='ocrx_word' id='word_1_264' title='bbox 304 3676 420 3764; x_wconf 53' lang='lat' dir='ltr'><strong>flagitii*</strong></span> <span class='ocrx_word' id='word_1_265' title='bbox 436 3685 617 3760; x_wconf 88' lang='lat' dir='ltr'><strong>conpertum</strong></span> <span class='ocrx_word' id='word_1_266' title='bbox 640 3677 797 3742; x_wconf 79' lang='lat' dir='ltr'><strong>uteretur?</strong></span> <span class='ocrx_word' id='word_1_267' title='bbox 823 3679 879 3744; x_wconf 88' lang='lat' dir='ltr'><strong>sed</strong></span> <span class='ocrx_word' id='word_1_268' title='bbox 900 3680 975 3763; x_wconf 92' lang='lat' dir='ltr'><strong>quia</strong></span> <span class='ocrx_word' id='word_1_269' title='bbox 998 3678 1133 3745; x_wconf 89' lang='lat' dir='ltr'><strong>Seianus</strong></span> <span class='ocrx_word' id='word_1_270' title='bbox 1155 3678 1332 3744; x_wconf 81' lang='lat' dir='ltr'><strong>facinorum</strong></span> 
     </span>
     <span class='ocr_line' id='line_1_37' title="bbox 305 3769 1332 3857; baseline -0.002 -19"><span class='ocrx_word' id='word_1_271' title='bbox 305 3769 444 3838; x_wconf 89' lang='lat' dir='ltr'><strong>omnium</strong></span> <span class='ocrx_word' id='word_1_272' title='bbox 468 3780 607 3857; x_wconf 88' lang='lat' dir='ltr'><strong>repertor</strong></span> <span class='ocrx_word' id='word_1_273' title='bbox 636 3771 822 3850; x_wconf 88' lang='lat' dir='ltr'><strong>habebatur,</strong></span> <span class='ocrx_word' id='word_1_274' title='bbox 854 3795 893 3837; x_wconf 90' lang='lat' dir='ltr'><strong>ex</strong></span> <span class='ocrx_word' id='word_1_275' title='bbox 919 3774 1016 3838; x_wconf 90' lang='lat' dir='ltr'><strong>nimia</strong></span> <span class='ocrx_word' id='word_1_276' title='bbox 1046 3775 1174 3838; x_wconf 83' lang='lat' dir='ltr'><strong>caritate</strong></span> <span class='ocrx_word' id='word_1_277' title='bbox 1200 3774 1233 3837; x_wconf 93' lang='lat' dir='ltr'><strong>in</strong></span> <span class='ocrx_word' id='word_1_278' title='bbox 1260 3794 1332 3836; x_wconf 89' lang='lat' dir='ltr'><strong>eum</strong></span> 
     </span>
     <span class='ocr_line' id='line_1_38' title="bbox 306 3865 1332 3952; baseline -0.001 -21"><span class='ocrx_word' id='word_1_279' title='bbox 306 3865 452 3932; x_wconf 78' lang='lat' dir='ltr'><strong>Caesaris</strong></span> <span class='ocrx_word' id='word_1_280' title='bbox 471 3874 502 3930; x_wconf 91' lang='lat' dir='ltr'><strong>et</strong></span> <span class='ocrx_word' id='word_1_281' title='bbox 519 3875 692 3931; x_wconf 85' lang='lat' dir='ltr'><strong>ceterorum</strong></span> <span class='ocrx_word' id='word_1_282' title='bbox 708 3867 741 3930; x_wconf 94' lang='lat' dir='ltr'><strong>in</strong></span> <span class='ocrx_word' id='word_1_283' title='bbox 754 3876 920 3950; x_wconf 89' lang='lat' dir='ltr'><strong>utrumque</strong></span> <span class='ocrx_word' id='word_1_284' title='bbox 938 3868 1010 3932; x_wconf 92' lang='lat' dir='ltr'><strong>odio</strong></span> <span class='ocrx_word' id='word_1_285' title='bbox 1025 3867 1169 3952; x_wconf 88' lang='lat' dir='ltr'><strong>quamvis</strong></span> <span class='ocrx_word' id='word_1_286' title='bbox 1186 3865 1332 3931; x_wconf 82' lang='lat' dir='ltr'><strong>sabulosa</strong></span> 
     </span>
     <span class='ocr_line' id='line_1_39' title="bbox 306 3960 1333 4046; baseline -0.001 -22"><span class='ocrx_word' id='word_1_287' title='bbox 306 3969 338 4024; x_wconf 91' lang='lat' dir='ltr'><strong>et</strong></span> <span class='ocrx_word' id='word_1_288' title='bbox 353 3960 502 4024; x_wconf 93' lang='lat' dir='ltr'><strong>immania</strong></span> <span class='ocrx_word' id='word_1_289' title='bbox 519 3961 738 4039; x_wconf 88' lang='lat' dir='ltr'><strong>credebantur,</strong></span> <span class='ocrx_word' id='word_1_290' title='bbox 762 3961 911 4026; x_wconf 84' lang='lat' dir='ltr'><strong>atrociore</strong></span> <span class='ocrx_word' id='word_1_291' title='bbox 934 3983 1058 4046; x_wconf 90' lang='lat' dir='ltr'><strong>semper</strong></span> <span class='ocrx_word' id='word_1_292' title='bbox 1079 3960 1166 4026; x_wconf 82' lang='lat' dir='ltr'><strong>sama</strong></span> <span class='ocrx_word' id='word_1_293' title='bbox 1183 3982 1260 4046; x_wconf 86' lang='lat' dir='ltr'><strong>erga</strong></span> <span class='ocrx_word' id='word_1_294' title='bbox 1277 3960 1333 4023; x_wconf 89' lang='lat' dir='ltr'><strong>do-</strong></span> 
     </span>
     <span class='ocr_line' id='line_1_40' title="bbox 306 4051 1332 4141; baseline 0 -25"><span class='ocrx_word' id='word_1_295' title='bbox 306 4053 490 4118; x_wconf 89' lang='lat' dir='ltr'><strong>minantium</strong></span> <span class='ocrx_word' id='word_1_296' title='bbox 504 4054 614 4120; x_wconf 87' lang='lat' dir='ltr'><strong>exitus.</strong></span> <span class='ocrx_word' id='word_1_297' title='bbox 633 4057 710 4121; x_wconf 90' lang='lat' dir='ltr'><strong>ordo</strong></span> <span class='ocrx_word' id='word_1_298' title='bbox 720 4054 836 4140; x_wconf 92' lang='lat' dir='ltr'><strong>alioqui</strong></span> <span class='ocrx_word' id='word_1_299' title='bbox 846 4054 972 4120; x_wconf 90' lang='lat' dir='ltr'><strong>sceleris</strong></span> <span class='ocrx_word' id='word_1_300' title='bbox 981 4078 1037 4141; x_wconf 89' lang='lat' dir='ltr'><strong>per</strong></span> <span class='ocrx_word' id='word_1_301' title='bbox 1044 4053 1215 4140; x_wconf 86' lang='lat' dir='ltr'><strong>Apicatam</strong></span> <span class='ocrx_word' id='word_1_302' title='bbox 1225 4051 1332 4119; x_wconf 89' lang='lat' dir='ltr'><strong>Seiani</strong></span> 
     </span>
     <span class='ocr_line' id='line_1_41' title="bbox 306 4146 1331 4236; baseline 0.001 -27"><span class='ocrx_word' id='word_1_303' title='bbox 306 4146 445 4229; x_wconf 88' lang='lat' dir='ltr'><strong>proditus</strong></span> <span class='ocrx_word' id='word_1_304' title='bbox 460 4149 621 4214; x_wconf 87' lang='lat' dir='ltr'><strong>tormentis</strong></span> <span class='ocrx_word' id='word_1_305' title='bbox 633 4149 771 4214; x_wconf 87' lang='lat' dir='ltr'><strong>Eudemi</strong></span> <span class='ocrx_word' id='word_1_306' title='bbox 784 4170 821 4214; x_wconf 88' lang='lat' dir='ltr'><strong>ac</strong></span> <span class='ocrx_word' id='word_1_307' title='bbox 834 4148 943 4236; x_wconf 85' lang='lat' dir='ltr'><strong>Lygdi</strong></span> <span class='ocrx_word' id='word_1_308' title='bbox 955 4149 1131 4235; x_wconf 80' lang='lat' dir='ltr'><strong>patefactus</strong></span> <span class='ocrx_word' id='word_1_309' title='bbox 1149 4157 1197 4214; x_wconf 89' lang='lat' dir='ltr'><strong>est</strong></span> <span class='ocrx_word' id='word_1_310' title='bbox 1202 4172 1212 4226; x_wconf 83' lang='lat'>3</span> <span class='ocrx_word' id='word_1_311' title='bbox 1231 4168 1331 4230; x_wconf 87' lang='lat' dir='ltr'><strong>neque</strong></span> 
     </span>
    </p>
   </div>
   <div class='ocr_carea' id='block_1_3' title="bbox 0 0 1497 4962">
    <p class='ocr_par' dir='ltr' id='par_1_8' title="bbox 0 0 1497 4962">
     <span class='ocr_line' id='line_1_42' title="bbox 0 0 1497 4962; baseline 0 0"><span class='ocrx_word' id='word_1_312' title='bbox 0 0 1497 4962; x_wconf 95' lang='lat' dir='ltr'><strong> </strong></span> 
     </span>
    </p>
   </div>
  </div>
 </body>
</html>
