2958 4960
334 465 376 532 60
684 471 867 532 CORNELII
880 469 1012 528 TACITI

1194 572 1215 602 ι.
1226 573 1240 602 u
1259 563 1306 602 ¹168.
1316 565 1359 603 tto.

333 633 418 721 apud
430 633 572 699 turbidos
586 653 685 716 eoque
698 653 781 696 nova
797 629 974 716 cupientes3
993 639 1086 714 atque
1103 629 1172 716 ipse
1186 629 1275 694 adire
1293 653 1362 694 mu-

333 729 449 815 nicipia
466 727 600 794 obscuro
617 727 689 804 diei,
708 747 810 810 neque
826 725 990 811 propalam
1006 724 1106 811 aspici
1122 741 1224 809 neque
1243 725 1362 790 diutius

334 825 435 890 isdem
452 823 544 902 locis3
568 822 625 888 sed
641 821 716 905 quia
732 820 847 886 veritas
865 821 936 885 visu
954 829 986 885 et
1007 843 1109 898 mora,
1132 819 1215 886 falsa
1230 819 1364 886 festina·

334 919 418 984 tione
439 926 471 982 et
491 917 617 982 incertis
639 915 814 991 valescunt,
841 913 1036 997 relinquebat
1056 913 1174 979 famam
1197 923 1253 980 aut
1274 935 1365 1000 prae-

283 1031 318 1080 ⁴0
334 1010 488 1077 veniebat.
510 1008 698 1096 vulgabatur
710 1007 833 1072 interim
849 1029 907 1093 per
918 1007 1043 1072 Italiam
1057 1017 1215 1074 senatum
1232 1030 1365 1074 munere

334 1107 430 1170 deum
446 1102 637 1190 Agrippam,
660 1099 845 1167 credebatur
864 1101 1000 1179 Romae3
1022 1102 1148 1185 iamque
1166 1099 1296 1167 Ostiam
1318 1103 1363 1166 in·

334 1208 460 1264 vectum
481 1197 648 1262 multitudo
666 1187 793 1284 ingens,
814 1195 879 1259 iam
895 1195 930 1259 in
945 1194 1024 1260 urbe
1046 1195 1231 1260 clandestini
1254 1205 1365 1260 coetus
1439 1221 1444 1228 ·

335 1289 546 1366 celebrabant,
570 1311 643 1354 curn
660 1289 823 1356 Tiberium
844 1309 960 1375 anceps
983 1311 1059 1354 cura
1080 1289 1267 1366 distrahere,
1290 1290 1366 1354 vine

334 1385 468 1451 militum
491 1405 617 1451 servum
639 1405 732 1449 suum
754 1392 911 1448 coerceret
933 1405 975 1448 an
999 1383 1125 1448 inanem
1147 1383 1366 1448 credulitatem

334 1491 473 1566 tempora
495 1479 565 1564 ipso
586 1499 756 1543 vanescere
778 1477 907 1556 eineret3
929 1477 1024 1543 modo
1041 1478 1118 1543 nihil
1141 1478 1365 1564 spernendum,

333 1572 428 1638 modo
450 1593 514 1636 non
539 1571 644 1636 omnia
664 1571 834 1637 metuenda
859 1571 1027 1658 ambiguus
1049 1572 1178 1658 pudoris
1200 1593 1238 1637 ac
1259 1583 1366 1638 metus

333 1663 512 1752 reputabat:
529 1675 688 1751 postremo
707 1666 761 1731 dat
777 1665 939 1752 negotium
958 1663 1110 1732 Sallustio
1128 1664 1252 1752 Crispo.
1275 1666 1330 1731 illc
1349 1687 1367 1732 c

334 1759 499 1826 clientibus
517 1759 596 1826 duos
611 1797 652 1808 -
665 1760 793 1843 quidam
811 1760 925 1825 milites
946 1759 1047 1825 fuisse
1064 1761 1190 1825 tradunt
1202 1761 1367 1848 -deligit

334 1864 428 1938 atque
449 1854 590 1920 hortatur
611 1855 757 1920 simulata
783 1855 974 1920 conscientia
995 1856 1122 1932 adeant,
1150 1855 1285 1922 offerant
1309 1877 1367 1941 pc·

334 1949 473 2027 cuniam,
499 1948 593 2014 tidem
620 1958 714 2033 atque
738 1949 878 2035 pericula
901 1949 1121 2035 polliceantur:
1148 1959 1366 2033 exsequuntur

334 2053 369 2108 ut
389 2044 512 2108 iussum
529 2052 611 2123 erat3
638 2043 711 2109 dein
733 2043 885 2129 speculati
905 2052 1030 2108 noctem
1051 2043 1288 2122 incustoditam,
1312 2066 1366 2108 ao-

335 2146 426 2223 cepta
440 2137 552 2202 idonea
564 2159 659 2204 manu
672 2137 812 2202 vinctum
825 2136 932 2202 clauso
945 2159 998 2202 ore
1010 2137 1045 2201 in
1060 2137 1212 2224 palatium
1230 2145 1363 2202 traxere

333 2230 528 2317 percontanti
554 2230 682 2296 Tiberio
708 2231 865 2314 quomodo
890 2229 1036 2317 Agrippa
1060 2231 1163 2296 sactus
1190 2237 1288 2308 esset,
1315 2253 1366 2294 re-

335 2324 500 2411 spondisse
521 2323 620 2389 fertur
643 2324 820 2407 „quomodo
842 2333 877 2388 tu
896 2323 1045 2390 ansar.“
1072 2331 1109 2389 ut
1130 2323 1237 2390 ederet
1259 2325 1364 2390 socios

335 2416 440 2502 subigi
458 2438 521 2481 non
533 2417 648 2501 potuit;
664 2439 724 2482 nec
738 2417 883 2484 Tiberius
896 2441 1031 2504 poenam
1047 2418 1115 2484 eius
1132 2418 1238 2504 palam
1255 2441 1364 2496 ausus,

334 2512 496 2577 insecreta
504 2512 612 2596 palatii
620 2521 708 2597 parte
716 2512 848 2577 interfici
856 2513 948 2579 iussit
956 2534 1132 2599 corpusque
1142 2513 1222 2578 clam
1233 2513 1364 2591 auferri3

335 2613 367 2670 et
383 2626 573 2688 quamquam
591 2604 680 2670 multi
698 2627 715 2669 e
733 2606 827 2670 domo
843 2606 993 2692 principis
1016 2607 1199 2690 equitesque
1217 2627 1254 2671 ac
1272 2627 1366 2671 sena

335 2708 418 2764 tores
437 2707 630 2766 sustentasse
643 2699 766 2786 opibus,
784 2699 904 2766 iuvisse
921 2701 1059 2766 consiliis
1073 2701 1258 2778 dicerentur,
1278 2700 1366 2766 haud

335 2792 522 2878 quaesitum.
688 2861 690 2868 ,

284 2907 315 2956 ιι
399 2886 479 2958 Fine
505 2885 578 2952 anni
604 2907 695 2954 arcus
720 2896 848 2975 propter
878 2889 988 2954 aedem
1016 2886 1145 2955 Saturni
1170 2887 1211 2954 ob
1237 2897 1367 2974 recepta

336 2981 428 3070 sigua
449 3003 522 3047 cum
545 2980 632 3048 Varo
655 2982 772 3048 amissa
797 2983 894 3048 ductu
917 2980 1110 3061 Germanici,
1138 2981 1286 3068 auspiciis
1309 2981 1367 3046 Ti-

335 3076 426 3155 berii,
454 3086 486 3142 et
507 3076 601 3142 aedes
623 3077 728 3144 Fortis
750 3077 909 3144 Fortunae
931 3077 1071 3142 Tiberim
1097 3077 1185 3142 iuxta
1209 3077 1243 3141 in
1264 3075 1366 3142 bortis

335 3194 414 3256 quos
443 3169 563 3238 Cacsar
589 3173 722 3238 dictator
745 3172 863 3258 populo
889 3172 1033 3238 Romano
1058 3171 1231 3258 legaverat,
1260 3193 1367 3236 sacra-

334 3266 416 3330 rium
433 3265 520 3351 genti
537 3265 637 3332 Iuliae
655 3266 839 3353 effigiesque
862 3265 935 3331 divo
952 3267 1101 3352 Augusto
1119 3265 1204 3352 apud
1220 3265 1366 3332 Bovillas

335 3358 488 3422 dicantur.

400 3447 438 3514 C.
455 3447 613 3527 Canonuo,
632 3453 673 3517 L.
687 3451 846 3518 Pannonio
865 3453 1045 3520 consulibus
1060 3452 1267 3520 Germanicus
1282 3453 1367 3520 Cae·

336 3565 388 3610 sar
404 3566 432 3608 a.
451 3543 481 3606 d.
500 3566 541 3607 vn
558 3543 620 3608 kal.
635 3545 742 3612 Iunias
760 3547 964 3633 triumphavit
981 3549 1021 3613 de
1035 3548 1205 3615 Cheruscis
1223 3547 1367 3614 Chattis·

335 3659 396 3722 que
410 3645 441 3702 et
453 3634 652 3724 Angrivariis
666 3660 810 3723 quaeque
823 3641 903 3707 aliae
919 3643 1063 3708 nationes
1081 3665 1182 3727 usque
1200 3644 1241 3708 ad
1254 3642 1366 3709 Albim

336 3731 455 3812 colunt3
478 3741 569 3798 vecta
590 3733 705 3819 spolia,
729 3735 859 3821 captivi,
883 3737 1049 3802 simulacra
1070 3737 1238 3816 montium,
1261 3735 1366 3802 flumi-

334 3850 426 3906 num,
456 3827 658 3913 proeliorum
690 3827 882 3913 bellumque,
909 3831 984 3913 quia
1010 3831 1162 3896 conficere
1187 3830 1365 3917 prohibitus

336 3931 415 4000 crat,
434 3944 491 4007 pro
509 3921 652 3989 confecto
669 3922 888 4009 accipiebatur.
916 3923 1053 4010 augebat
1070 3925 1257 3990 intuentium
1275 3925 1365 3990 visum

336 4016 451 4082 eximia
471 4016 570 4102 ipsius
593 4018 714 4104 species
733 4039 903 4102 currusque
924 4018 1065 4102 quinque
1085 4020 1192 4086 liberis
1215 4028 1364 4097 onustus;

302 4185 304 4192 Ι
337 4109 393 4174 sed
409 4108 538 4175 'suberat
555 4111 678 4198 occulta
695 4111 829 4178 formido
846 4114 1065 4198 reputantibus
1082 4114 1167 4194 haud
1179 4134 1365 4200 prosperum

337 4200 370 4266 in
386 4199 509 4280 Druso,
527 4213 615 4290 patre
634 4205 715 4285 eius,
734 4206 875 4274 savorem
893 4208 994 4296 vulgi,
1014 4209 1203 4276 auunculum
1221 4206 1364 4273 eiusdem
