<?xml version="1.0" encoding="UTF-8"?>
<!DOCTYPE html PUBLIC "-//W3C//DTD XHTML 1.0 Transitional//EN"
    "http://www.w3.org/TR/xhtml1/DTD/xhtml1-transitional.dtd">
<html xmlns="http://www.w3.org/1999/xhtml" xml:lang="en" lang="en">
 <head>
  <title>
</title>
<meta http-equiv="Content-Type" content="text/html;charset=utf-8" />
  <meta name='ocr-system' content='tesseract 3.04.00' />
  <meta name='ocr-capabilities' content='ocr_page ocr_carea ocr_par ocr_line ocrx_word'/>
</head>
<body>
  <div class='ocr_page' id='page_1' title='image "./corneliitacitio00haasgoog_0209.png"; bbox 0 0 2960 4962; ppageno 0'>
   <div class='ocr_carea' id='block_1_1' title="bbox 237 407 1004 502">
    <p class='ocr_par' dir='ltr' id='par_1_1' title="bbox 237 407 1004 502">
     <span class='ocr_line' id='line_1_1' title="bbox 237 407 1004 502; baseline -0.009 1"><span class='ocrx_word' id='word_1_1' title='bbox 237 407 242 416; x_wconf 46' lang='lat'><strong>¹</strong></span> <span class='ocrx_word' id='word_1_2' title='bbox 327 437 389 502; x_wconf 79' lang='lat'><strong>132</strong></span> <span class='ocrx_word' id='word_1_3' title='bbox 674 441 1004 500; x_wconf 78' lang='lat' dir='ltr'><strong>conunuumcrm</strong></span> 
     </span>
    </p>
   </div>
   <div class='ocr_carea' id='block_1_2' title="bbox 268 535 1364 4244">
    <p class='ocr_par' dir='ltr' id='par_1_2' title="bbox 268 535 1364 4244">
     <span class='ocr_line' id='line_1_2' title="bbox 1244 535 1364 575; baseline 0 -1"><span class='ocrx_word' id='word_1_4' title='bbox 1244 535 1364 575; x_wconf 62' lang='lat' dir='ltr'><strong>mults.</strong></span> 
     </span>
     <span class='ocr_line' id='line_1_3' title="bbox 325 598 1363 690; baseline -0.005 -19"><span class='ocrx_word' id='word_1_5' title='bbox 325 607 379 690; x_wconf 90' lang='lat' dir='ltr'><strong>qui</strong></span> <span class='ocrx_word' id='word_1_6' title='bbox 405 601 561 690; x_wconf 73' lang='lat' dir='ltr'><strong>praesenti</strong></span> <span class='ocrx_word' id='word_1_7' title='bbox 586 599 727 685; x_wconf 89' lang='lat' dir='ltr'><strong>potentia</strong></span> <span class='ocrx_word' id='word_1_8' title='bbox 751 599 882 664; x_wconf 85' lang='lat' dir='ltr'><strong>credvmt</strong></span> <span class='ocrx_word' id='word_1_9' title='bbox 908 598 1050 684; x_wconf 77' lang='lat' dir='ltr'><strong>extingui</strong></span> <span class='ocrx_word' id='word_1_10' title='bbox 1070 620 1164 683; x_wconf 89' lang='lat' dir='ltr'><strong>posse</strong></span> <span class='ocrx_word' id='word_1_11' title='bbox 1186 599 1284 666; x_wconf 88' lang='lat' dir='ltr'><strong>etiarn</strong></span> <span class='ocrx_word' id='word_1_12' title='bbox 1307 623 1363 666; x_wconf 88' lang='lat' dir='ltr'><strong>se-</strong></span> 
     </span>
     <span class='ocr_line' id='line_1_4' title="bbox 325 693 1361 784; baseline -0.005 -20"><span class='ocrx_word' id='word_1_13' title='bbox 325 699 449 784; x_wconf 89' lang='lat' dir='ltr'><strong>quentis</strong></span> <span class='ocrx_word' id='word_1_14' title='bbox 471 696 542 762; x_wconf 84' lang='lat' dir='ltr'><strong>aevi</strong></span> <span class='ocrx_word' id='word_1_15' title='bbox 563 693 760 770; x_wconf 85' lang='lat' dir='ltr'><strong>memoriam3</strong></span> <span class='ocrx_word' id='word_1_16' title='bbox 782 715 856 758; x_wconf 86' lang='lat' dir='ltr'><strong>nam</strong></span> <span class='ocrx_word' id='word_1_17' title='bbox 877 702 986 758; x_wconf 84' lang='lat' dir='ltr'><strong>contra</strong></span> <span class='ocrx_word' id='word_1_18' title='bbox 1001 693 1119 778; x_wconf 86' lang='lat' dir='ltr'><strong>punitis</strong></span> <span class='ocrx_word' id='word_1_19' title='bbox 1140 693 1279 780; x_wconf 90' lang='lat' dir='ltr'><strong>ingeniis</strong></span> <span class='ocrx_word' id='word_1_20' title='bbox 1298 695 1361 780; x_wconf 89' lang='lat' dir='ltr'><strong>gli-</strong></span> 
     </span>
     <span class='ocr_line' id='line_1_5' title="bbox 325 785 1360 872; baseline -0.008 -12"><span class='ocrx_word' id='word_1_21' title='bbox 325 794 385 860; x_wconf 90' lang='lat' dir='ltr'><strong>scit</strong></span> <span class='ocrx_word' id='word_1_22' title='bbox 406 789 587 866; x_wconf 77' lang='lat' dir='ltr'><strong>auctoritas,</strong></span> <span class='ocrx_word' id='word_1_23' title='bbox 609 808 711 871; x_wconf 88' lang='lat' dir='ltr'><strong>neque</strong></span> <span class='ocrx_word' id='word_1_24' title='bbox 733 786 818 850; x_wconf 91' lang='lat' dir='ltr'><strong>aliud</strong></span> <span class='ocrx_word' id='word_1_25' title='bbox 839 785 960 851; x_wconf 80' lang='lat' dir='ltr'><strong>externi</strong></span> <span class='ocrx_word' id='word_1_26' title='bbox 981 807 1072 872; x_wconf 90' lang='lat' dir='ltr'><strong>reges</strong></span> <span class='ocrx_word' id='word_1_27' title='bbox 1094 795 1148 850; x_wconf 88' lang='lat' dir='ltr'><strong>aut</strong></span> <span class='ocrx_word' id='word_1_28' title='bbox 1165 786 1221 871; x_wconf 91' lang='lat' dir='ltr'><strong>qui</strong></span> <span class='ocrx_word' id='word_1_29' title='bbox 1243 789 1360 854; x_wconf 91' lang='lat' dir='ltr'><strong>eadem</strong></span> 
     </span>
     <span class='ocr_line' id='line_1_6' title="bbox 325 878 1358 966; baseline -0.006 -14"><span class='ocrx_word' id='word_1_30' title='bbox 325 885 456 952; x_wconf 88' lang='lat' dir='ltr'><strong>saevitia</strong></span> <span class='ocrx_word' id='word_1_31' title='bbox 475 882 531 948; x_wconf 57' lang='lat' dir='ltr'><strong>,usi</strong></span> <span class='ocrx_word' id='word_1_32' title='bbox 556 890 643 958; x_wconf 89' lang='lat' dir='ltr'><strong>suut,</strong></span> <span class='ocrx_word' id='word_1_33' title='bbox 674 880 736 946; x_wconf 91' lang='lat' dir='ltr'><strong>nisi</strong></span> <span class='ocrx_word' id='word_1_34' title='bbox 761 880 899 944; x_wconf 81' lang='lat' dir='ltr'><strong>dedecus</strong></span> <span class='ocrx_word' id='word_1_35' title='bbox 926 878 987 944; x_wconf 91' lang='lat' dir='ltr'><strong>sibi</strong></span> <span class='ocrx_word' id='word_1_36' title='bbox 1012 889 1106 964; x_wconf 89' lang='lat' dir='ltr'><strong>atque</strong></span> <span class='ocrx_word' id='word_1_37' title='bbox 1131 879 1193 944; x_wconf 91' lang='lat' dir='ltr'><strong>illis</strong></span> <span class='ocrx_word' id='word_1_38' title='bbox 1219 880 1358 966; x_wconf 79' lang='lat' dir='ltr'><strong>gloriam</strong></span> 
     </span>
     <span class='ocr_line' id='line_1_7' title="bbox 405 999 482 1043; baseline -0.026 0"><span class='ocrx_word' id='word_1_39' title='bbox 405 999 482 1043; x_wconf 91' lang='lat' dir='ltr'><strong>rere.</strong></span> 
     </span>
     <span class='ocr_line' id='line_1_8' title="bbox 274 1001 1358 1154; baseline -0.004 -18"><span class='ocrx_word' id='word_1_40' title='bbox 274 1096 306 1143; x_wconf 78' lang='lat' dir='ltr'><strong>aa</strong></span> <span class='ocrx_word' id='word_1_41' title='bbox 324 1001 539 1136; x_wconf 44' lang='lat' dir='ltr'><strong>peppletemm</strong></span> <span class='ocrx_word' id='word_1_42' title='bbox 554 1068 752 1154; x_wconf 79' lang='lat' dir='ltr'><strong>postulandis</strong></span> <span class='ocrx_word' id='word_1_43' title='bbox 769 1068 831 1132; x_wconf 89' lang='lat' dir='ltr'><strong>reis</strong></span> <span class='ocrx_word' id='word_1_44' title='bbox 849 1076 914 1132; x_wconf 88' lang='lat' dir='ltr'><strong>tam</strong></span> <span class='ocrx_word' id='word_1_45' title='bbox 936 1067 1102 1133; x_wconf 88' lang='lat' dir='ltr'><strong>continuus</strong></span> <span class='ocrx_word' id='word_1_46' title='bbox 1118 1089 1221 1132; x_wconf 89' lang='lat' dir='ltr'><strong>annus</strong></span> <span class='ocrx_word' id='word_1_47' title='bbox 1239 1065 1304 1132; x_wconf 85' lang='lat' dir='ltr'><strong>fuit</strong></span> <span class='ocrx_word' id='word_1_48' title='bbox 1322 1078 1358 1132; x_wconf 93' lang='lat' dir='ltr'><strong>ut</strong></span> 
     </span>
     <span class='ocr_line' id='line_1_9' title="bbox 324 1160 1356 1246; baseline -0.002 -14"><span class='ocrx_word' id='word_1_49' title='bbox 324 1167 473 1232; x_wconf 86' lang='lat' dir='ltr'><strong>feriarum</strong></span> <span class='ocrx_word' id='word_1_50' title='bbox 496 1164 684 1228; x_wconf 90' lang='lat' dir='ltr'><strong>Latinarum</strong></span> <span class='ocrx_word' id='word_1_51' title='bbox 715 1160 826 1227; x_wconf 91' lang='lat' dir='ltr'><strong>diebus</strong></span> <span class='ocrx_word' id='word_1_52' title='bbox 856 1161 1051 1246; x_wconf 85' lang='lat' dir='ltr'><strong>praefectum</strong></span> <span class='ocrx_word' id='word_1_53' title='bbox 1080 1161 1167 1226; x_wconf 91' lang='lat' dir='ltr'><strong>urbis</strong></span> <span class='ocrx_word' id='word_1_54' title='bbox 1197 1160 1356 1240; x_wconf 86' lang='lat' dir='ltr'><strong>Drusum,</strong></span> 
     </span>
     <span class='ocr_line' id='line_1_10' title="bbox 324 1252 1356 1345; baseline -0.006 -19"><span class='ocrx_word' id='word_1_55' title='bbox 324 1258 507 1345; x_wconf 89' lang='lat' dir='ltr'><strong>auspicandi</strong></span> <span class='ocrx_word' id='word_1_56' title='bbox 528 1257 630 1344; x_wconf 88' lang='lat' dir='ltr'><strong>gratia</strong></span> <span class='ocrx_word' id='word_1_57' title='bbox 650 1255 786 1322; x_wconf 87' lang='lat' dir='ltr'><strong>tribunal</strong></span> <span class='ocrx_word' id='word_1_58' title='bbox 807 1255 1000 1342; x_wconf 88' lang='lat' dir='ltr'><strong>ingressum,</strong></span> <span class='ocrx_word' id='word_1_59' title='bbox 1027 1255 1139 1320; x_wconf 90' lang='lat' dir='ltr'><strong>adierit</strong></span> <span class='ocrx_word' id='word_1_60' title='bbox 1160 1252 1356 1340; x_wconf 76' lang='lat' dir='ltr'><strong>Calpurnius</strong></span> 
     </span>
     <span class='ocr_line' id='line_1_11' title="bbox 326 1347 1356 1433; baseline -0.007 -13"><span class='ocrx_word' id='word_1_61' title='bbox 326 1352 493 1420; x_wconf 85' lang='lat' dir='ltr'><strong>Salvianus</strong></span> <span class='ocrx_word' id='word_1_62' title='bbox 510 1351 544 1415; x_wconf 91' lang='lat' dir='ltr'><strong>in</strong></span> <span class='ocrx_word' id='word_1_63' title='bbox 563 1348 697 1415; x_wconf 84' lang='lat' dir='ltr'><strong>Sextum</strong></span> <span class='ocrx_word' id='word_1_64' title='bbox 713 1349 853 1413; x_wconf 89' lang='lat' dir='ltr'><strong>Marium</strong></span> <span class='ocrx_word' id='word_1_65' title='bbox 858 1374 867 1427; x_wconf 77' lang='lat'>3</span> <span class='ocrx_word' id='word_1_66' title='bbox 885 1349 971 1433; x_wconf 90' lang='lat' dir='ltr'><strong>quod</strong></span> <span class='ocrx_word' id='word_1_67' title='bbox 988 1372 1008 1414; x_wconf 96' lang='lat' dir='ltr'><strong>a</strong></span> <span class='ocrx_word' id='word_1_68' title='bbox 1026 1347 1164 1414; x_wconf 87' lang='lat' dir='ltr'><strong>Caesare</strong></span> <span class='ocrx_word' id='word_1_69' title='bbox 1180 1349 1290 1433; x_wconf 86' lang='lat' dir='ltr'><strong>palam</strong></span> <span class='ocrx_word' id='word_1_70' title='bbox 1307 1349 1356 1412; x_wconf 87' lang='lat' dir='ltr'><strong>in-</strong></span> 
     </span>
     <span class='ocr_line' id='line_1_12' title="bbox 324 1439 1356 1531; baseline -0.004 -19"><span class='ocrx_word' id='word_1_71' title='bbox 324 1447 476 1531; x_wconf 90' lang='lat' dir='ltr'><strong>crepitum</strong></span> <span class='ocrx_word' id='word_1_72' title='bbox 497 1465 593 1510; x_wconf 88' lang='lat' dir='ltr'><strong>causa</strong></span> <span class='ocrx_word' id='word_1_73' title='bbox 613 1441 698 1507; x_wconf 89' lang='lat' dir='ltr'><strong>exilii</strong></span> <span class='ocrx_word' id='word_1_74' title='bbox 722 1439 871 1508; x_wconf 87' lang='lat' dir='ltr'><strong>Salviano</strong></span> <span class='ocrx_word' id='word_1_75' title='bbox 893 1442 962 1507; x_wconf 83' lang='lat' dir='ltr'><strong>luit</strong></span> <span class='ocrx_word' id='word_1_76' title='bbox 993 1442 1117 1508; x_wconf 83' lang='lat' dir='ltr'><strong>obiecta</strong></span> <span class='ocrx_word' id='word_1_77' title='bbox 1136 1441 1265 1528; x_wconf 90' lang='lat' dir='ltr'><strong>publice</strong></span> <span class='ocrx_word' id='word_1_78' title='bbox 1288 1441 1356 1526; x_wconf 90' lang='lat' dir='ltr'><strong>Cy·</strong></span> 
     </span>
     <span class='ocr_line' id='line_1_13' title="bbox 323 1535 1355 1621; baseline -0.002 -19"><span class='ocrx_word' id='word_1_79' title='bbox 323 1538 438 1606; x_wconf 76' lang='lat' dir='ltr'><strong>nicenis</strong></span> <span class='ocrx_word' id='word_1_80' title='bbox 461 1536 581 1600; x_wconf 86' lang='lat' dir='ltr'><strong>incuria</strong></span> <span class='ocrx_word' id='word_1_81' title='bbox 603 1535 863 1602; x_wconf 85' lang='lat' dir='ltr'><strong>caerimoniarum</strong></span> <span class='ocrx_word' id='word_1_82' title='bbox 884 1536 950 1600; x_wconf 91' lang='lat' dir='ltr'><strong>divi</strong></span> <span class='ocrx_word' id='word_1_83' title='bbox 969 1535 1125 1621; x_wconf 85' lang='lat' dir='ltr'><strong>Augusti,</strong></span> <span class='ocrx_word' id='word_1_84' title='bbox 1148 1535 1264 1600; x_wconf 81' lang='lat' dir='ltr'><strong>additis</strong></span> <span class='ocrx_word' id='word_1_85' title='bbox 1286 1536 1355 1600; x_wconf 91' lang='lat' dir='ltr'><strong>vio-</strong></span> 
     </span>
     <span class='ocr_line' id='line_1_14' title="bbox 322 1621 1354 1698; baseline -0.001 -3"><span class='ocrx_word' id='word_1_86' title='bbox 322 1631 435 1698; x_wconf 91' lang='lat' dir='ltr'><strong>lentiae</strong></span> <span class='ocrx_word' id='word_1_87' title='bbox 460 1628 642 1694; x_wconf 91' lang='lat' dir='ltr'><strong>criminibus</strong></span> <span class='ocrx_word' id='word_1_88' title='bbox 664 1629 833 1694; x_wconf 85' lang='lat' dir='ltr'><strong>adversmn</strong></span> <span class='ocrx_word' id='word_1_89' title='bbox 855 1631 939 1694; x_wconf 91' lang='lat' dir='ltr'><strong>cives</strong></span> <span class='ocrx_word' id='word_1_90' title='bbox 962 1621 1138 1696; x_wconf 84' lang='lat' dir='ltr'><strong>Romanos:</strong></span> <span class='ocrx_word' id='word_1_91' title='bbox 1165 1637 1197 1695; x_wconf 91' lang='lat' dir='ltr'><strong>et</strong></span> <span class='ocrx_word' id='word_1_92' title='bbox 1218 1629 1354 1694; x_wconf 89' lang='lat' dir='ltr'><strong>amisere</strong></span> 
     </span>
     <span class='ocr_line' id='line_1_15' title="bbox 321 1721 1355 1806; baseline -0.006 -14"><span class='ocrx_word' id='word_1_93' title='bbox 321 1723 505 1802; x_wconf 89' lang='lat' dir='ltr'><strong>libertatem,</strong></span> <span class='ocrx_word' id='word_1_94' title='bbox 523 1744 619 1806; x_wconf 83' lang='lat' dir='ltr'><strong>quarn</strong></span> <span class='ocrx_word' id='word_1_95' title='bbox 635 1721 719 1787; x_wconf 90' lang='lat' dir='ltr'><strong>bello</strong></span> <span class='ocrx_word' id='word_1_96' title='bbox 736 1723 930 1788; x_wconf 87' lang='lat' dir='ltr'><strong>Mithridatis</strong></span> <span class='ocrx_word' id='word_1_97' title='bbox 947 1733 1134 1802; x_wconf 84' lang='lat' dir='ltr'><strong>meruerant,</strong></span> <span class='ocrx_word' id='word_1_98' title='bbox 1152 1724 1355 1788; x_wconf 83' lang='lat' dir='ltr'><strong>circumsessi</strong></span> 
     </span>
     <span class='ocr_line' id='line_1_16' title="bbox 321 1817 1354 1903; baseline -0.001 -20"><span class='ocrx_word' id='word_1_99' title='bbox 321 1840 381 1883; x_wconf 88' lang='lat' dir='ltr'><strong>nec</strong></span> <span class='ocrx_word' id='word_1_100' title='bbox 405 1817 508 1882; x_wconf 90' lang='lat' dir='ltr'><strong>minus</strong></span> <span class='ocrx_word' id='word_1_101' title='bbox 536 1839 594 1881; x_wconf 89' lang='lat' dir='ltr'><strong>sua</strong></span> <span class='ocrx_word' id='word_1_102' title='bbox 618 1817 794 1881; x_wconf 87' lang='lat' dir='ltr'><strong>constantia</strong></span> <span class='ocrx_word' id='word_1_103' title='bbox 815 1838 910 1900; x_wconf 88' lang='lat' dir='ltr'><strong>quam</strong></span> <span class='ocrx_word' id='word_1_104' title='bbox 930 1817 1087 1902; x_wconf 88' lang='lat' dir='ltr'><strong>praesidio</strong></span> <span class='ocrx_word' id='word_1_105' title='bbox 1108 1817 1239 1882; x_wconf 86' lang='lat' dir='ltr'><strong>Luculli</strong></span> <span class='ocrx_word' id='word_1_106' title='bbox 1259 1817 1354 1903; x_wconf 93' lang='lat' dir='ltr'><strong>pulso</strong></span> 
     </span>
     <span class='ocr_line' id='line_1_17' title="bbox 321 1908 1353 1998; baseline -0.002 -20"><span class='ocrx_word' id='word_1_107' title='bbox 321 1933 406 1998; x_wconf 82' lang='lat' dir='ltr'><strong>rege.</strong></span> <span class='ocrx_word' id='word_1_108' title='bbox 428 1920 461 1976; x_wconf 87' lang='lat' dir='ltr'><strong>at</strong></span> <span class='ocrx_word' id='word_1_109' title='bbox 477 1909 627 1976; x_wconf 79' lang='lat' dir='ltr'><strong>Fonteius</strong></span> <span class='ocrx_word' id='word_1_110' title='bbox 647 1908 771 1995; x_wconf 82' lang='lat' dir='ltr'><strong>Cupito,</strong></span> <span class='ocrx_word' id='word_1_111' title='bbox 791 1911 846 1993; x_wconf 94' lang='lat' dir='ltr'><strong>qui</strong></span> <span class='ocrx_word' id='word_1_112' title='bbox 862 1910 1029 1995; x_wconf 91' lang='lat' dir='ltr'><strong>proconsul</strong></span> <span class='ocrx_word' id='word_1_113' title='bbox 1046 1909 1161 1976; x_wconf 84' lang='lat' dir='ltr'><strong>Asiam</strong></span> <span class='ocrx_word' id='word_1_114' title='bbox 1178 1921 1353 1989; x_wconf 80' lang='lat' dir='ltr'><strong>curaverat,</strong></span> 
     </span>
     <span class='ocr_line' id='line_1_18' title="bbox 322 2002 1355 2090; baseline -0.002 -18"><span class='ocrx_word' id='word_1_115' title='bbox 322 2005 508 2083; x_wconf 87' lang='lat' dir='ltr'><strong>absolvitur,</strong></span> <span class='ocrx_word' id='word_1_116' title='bbox 527 2013 675 2090; x_wconf 88' lang='lat' dir='ltr'><strong>conperto</strong></span> <span class='ocrx_word' id='word_1_117' title='bbox 692 2004 766 2070; x_wconf 86' lang='lat' dir='ltr'><strong>licta</strong></span> <span class='ocrx_word' id='word_1_118' title='bbox 781 2005 814 2068; x_wconf 90' lang='lat' dir='ltr'><strong>in</strong></span> <span class='ocrx_word' id='word_1_119' title='bbox 832 2026 905 2069; x_wconf 92' lang='lat' dir='ltr'><strong>eum</strong></span> <span class='ocrx_word' id='word_1_120' title='bbox 923 2003 1053 2070; x_wconf 87' lang='lat' dir='ltr'><strong>crimina</strong></span> <span class='ocrx_word' id='word_1_121' title='bbox 1069 2025 1126 2089; x_wconf 90' lang='lat' dir='ltr'><strong>per</strong></span> <span class='ocrx_word' id='word_1_122' title='bbox 1143 2003 1276 2070; x_wconf 92' lang='lat' dir='ltr'><strong>Vibium</strong></span> <span class='ocrx_word' id='word_1_123' title='bbox 1296 2002 1355 2070; x_wconf 86' lang='lat' dir='ltr'><strong>Se-</strong></span> 
     </span>
     <span class='ocr_line' id='line_1_19' title="bbox 321 2096 1353 2183; baseline -0.002 -19"><span class='ocrx_word' id='word_1_124' title='bbox 321 2121 446 2177; x_wconf 83' lang='lat' dir='ltr'><strong>renum3</strong></span> <span class='ocrx_word' id='word_1_125' title='bbox 468 2120 570 2183; x_wconf 87' lang='lat' dir='ltr'><strong>neque</strong></span> <span class='ocrx_word' id='word_1_126' title='bbox 591 2108 698 2163; x_wconf 91' lang='lat' dir='ltr'><strong>tamen</strong></span> <span class='ocrx_word' id='word_1_127' title='bbox 714 2099 749 2162; x_wconf 90' lang='lat' dir='ltr'><strong>id</strong></span> <span class='ocrx_word' id='word_1_128' title='bbox 766 2096 885 2164; x_wconf 87' lang='lat' dir='ltr'><strong>Sereno</strong></span> <span class='ocrx_word' id='word_1_129' title='bbox 907 2120 1009 2164; x_wconf 86' lang='lat' dir='ltr'><strong>noxae</strong></span> <span class='ocrx_word' id='word_1_130' title='bbox 1030 2097 1105 2175; x_wconf 82' lang='lat' dir='ltr'><strong>suit,</strong></span> <span class='ocrx_word' id='word_1_131' title='bbox 1128 2119 1223 2182; x_wconf 91' lang='lat' dir='ltr'><strong>quem</strong></span> <span class='ocrx_word' id='word_1_132' title='bbox 1245 2098 1353 2163; x_wconf 91' lang='lat' dir='ltr'><strong>odium</strong></span> 
     </span>
     <span class='ocr_line' id='line_1_20' title="bbox 322 2191 1354 2279; baseline -0.001 -22"><span class='ocrx_word' id='word_1_133' title='bbox 322 2193 483 2279; x_wconf 90' lang='lat' dir='ltr'><strong>publicum</strong></span> <span class='ocrx_word' id='word_1_134' title='bbox 501 2193 645 2258; x_wconf 90' lang='lat' dir='ltr'><strong>tutiorem</strong></span> <span class='ocrx_word' id='word_1_135' title='bbox 663 2192 813 2270; x_wconf 82' lang='lat' dir='ltr'><strong>faciebat3</strong></span> <span class='ocrx_word' id='word_1_136' title='bbox 835 2215 909 2257; x_wconf 85' lang='lat' dir='ltr'><strong>nam</strong></span> <span class='ocrx_word' id='word_1_137' title='bbox 925 2201 962 2256; x_wconf 89' lang='lat' dir='ltr'><strong>ut</strong></span> <span class='ocrx_word' id='word_1_138' title='bbox 978 2193 1049 2277; x_wconf 90' lang='lat' dir='ltr'><strong>quis</strong></span> <span class='ocrx_word' id='word_1_139' title='bbox 1066 2191 1244 2265; x_wconf 83' lang='lat' dir='ltr'><strong>destrictior</strong></span> <span class='ocrx_word' id='word_1_140' title='bbox 1261 2213 1354 2258; x_wconf 87' lang='lat' dir='ltr'><strong>accu-</strong></span> 
     </span>
     <span class='ocr_line' id='line_1_21' title="bbox 323 2285 1355 2372; baseline -0.002 -20"><span class='ocrx_word' id='word_1_141' title='bbox 323 2296 420 2364; x_wconf 85' lang='lat' dir='ltr'><strong>sator,</strong></span> <span class='ocrx_word' id='word_1_142' title='bbox 440 2287 525 2352; x_wconf 88' lang='lat' dir='ltr'><strong>velut</strong></span> <span class='ocrx_word' id='word_1_143' title='bbox 540 2295 760 2352; x_wconf 90' lang='lat' dir='ltr'><strong>sacrosanctus</strong></span> <span class='ocrx_word' id='word_1_144' title='bbox 778 2295 858 2352; x_wconf 86' lang='lat' dir='ltr'><strong>erat:</strong></span> <span class='ocrx_word' id='word_1_145' title='bbox 876 2287 977 2365; x_wconf 90' lang='lat' dir='ltr'><strong>leves,</strong></span> <span class='ocrx_word' id='word_1_146' title='bbox 995 2285 1151 2372; x_wconf 88' lang='lat' dir='ltr'><strong>ignobiles</strong></span> <span class='ocrx_word' id='word_1_147' title='bbox 1169 2285 1282 2372; x_wconf 91' lang='lat' dir='ltr'><strong>poenis</strong></span> <span class='ocrx_word' id='word_1_148' title='bbox 1300 2287 1355 2350; x_wconf 87' lang='lat' dir='ltr'><strong>ad·</strong></span> 
     </span>
     <span class='ocr_line' id='line_1_22' title="bbox 322 2379 1186 2446; baseline 0 -2"><span class='ocrx_word' id='word_1_149' title='bbox 322 2379 516 2446; x_wconf 89' lang='lat' dir='ltr'><strong>ficiebantur.</strong></span> <span class='ocrx_word' id='word_1_150' title='bbox 1182 2395 1186 2402; x_wconf 88' lang='lat'>&#39;</span> 
     </span>
     <span class='ocr_line' id='line_1_23' title="bbox 270 2472 1354 2561; baseline -0.003 -20"><span class='ocrx_word' id='word_1_151' title='bbox 270 2495 301 2542; x_wconf 74' lang='lat' dir='ltr'><strong>st</strong></span> <span class='ocrx_word' id='word_1_152' title='bbox 384 2472 448 2537; x_wconf 89' lang='lat' dir='ltr'><strong>Per</strong></span> <span class='ocrx_word' id='word_1_153' title='bbox 465 2472 549 2537; x_wconf 89' lang='lat' dir='ltr'><strong>idem</strong></span> <span class='ocrx_word' id='word_1_154' title='bbox 566 2481 691 2559; x_wconf 90' lang='lat' dir='ltr'><strong>tempus</strong></span> <span class='ocrx_word' id='word_1_155' title='bbox 705 2474 863 2561; x_wconf 88' lang='lat' dir='ltr'><strong>Hispania</strong></span> <span class='ocrx_word' id='word_1_156' title='bbox 880 2475 1008 2542; x_wconf 89' lang='lat' dir='ltr'><strong>ulterior</strong></span> <span class='ocrx_word' id='word_1_157' title='bbox 1025 2475 1131 2542; x_wconf 89' lang='lat' dir='ltr'><strong>missis</strong></span> <span class='ocrx_word' id='word_1_158' title='bbox 1149 2473 1191 2540; x_wconf 91' lang='lat' dir='ltr'><strong>ad</strong></span> <span class='ocrx_word' id='word_1_159' title='bbox 1209 2483 1354 2540; x_wconf 91' lang='lat' dir='ltr'><strong>senatum</strong></span> 
     </span>
     <span class='ocr_line' id='line_1_24' title="bbox 320 2565 1355 2653; baseline 0.002 -23"><span class='ocrx_word' id='word_1_160' title='bbox 320 2565 432 2651; x_wconf 89' lang='lat' dir='ltr'><strong>legatis</strong></span> <span class='ocrx_word' id='word_1_161' title='bbox 451 2566 551 2630; x_wconf 88' lang='lat' dir='ltr'><strong>oravit</strong></span> <span class='ocrx_word' id='word_1_162' title='bbox 571 2574 606 2630; x_wconf 91' lang='lat' dir='ltr'><strong>ut</strong></span> <span class='ocrx_word' id='word_1_163' title='bbox 629 2569 773 2653; x_wconf 85' lang='lat' dir='ltr'><strong>exemplo</strong></span> <span class='ocrx_word' id='word_1_164' title='bbox 791 2567 890 2634; x_wconf 91' lang='lat' dir='ltr'><strong>Asiae</strong></span> <span class='ocrx_word' id='word_1_165' title='bbox 913 2568 1079 2637; x_wconf 90' lang='lat' dir='ltr'><strong>delubrum</strong></span> <span class='ocrx_word' id='word_1_166' title='bbox 1097 2567 1224 2634; x_wconf 86' lang='lat' dir='ltr'><strong>Tiberio</strong></span> <span class='ocrx_word' id='word_1_167' title='bbox 1246 2569 1355 2634; x_wconf 90' lang='lat' dir='ltr'><strong>matri-</strong></span> 
     </span>
     <span class='ocr_line' id='line_1_25' title="bbox 320 2657 1355 2744; baseline 0.004 -22"><span class='ocrx_word' id='word_1_168' title='bbox 320 2680 381 2742; x_wconf 93' lang='lat' dir='ltr'><strong>que</strong></span> <span class='ocrx_word' id='word_1_169' title='bbox 399 2657 467 2724; x_wconf 88' lang='lat' dir='ltr'><strong>eius</strong></span> <span class='ocrx_word' id='word_1_170' title='bbox 491 2667 678 2738; x_wconf 81' lang='lat' dir='ltr'><strong>exstrueret3</strong></span> <span class='ocrx_word' id='word_1_171' title='bbox 705 2682 769 2744; x_wconf 87' lang='lat' dir='ltr'><strong>qua</strong></span> <span class='ocrx_word' id='word_1_172' title='bbox 790 2662 956 2728; x_wconf 90' lang='lat' dir='ltr'><strong>occasione</strong></span> <span class='ocrx_word' id='word_1_173' title='bbox 975 2661 1107 2740; x_wconf 86' lang='lat' dir='ltr'><strong>Caesar,</strong></span> <span class='ocrx_word' id='word_1_174' title='bbox 1134 2661 1259 2726; x_wconf 88' lang='lat' dir='ltr'><strong>validus</strong></span> <span class='ocrx_word' id='word_1_175' title='bbox 1278 2661 1355 2726; x_wconf 87' lang='lat' dir='ltr'><strong>alic-</strong></span> 
     </span>
     <span class='ocr_line' id='line_1_26' title="bbox 320 2751 1355 2841; baseline 0.002 -25"><span class='ocrx_word' id='word_1_176' title='bbox 320 2752 375 2836; x_wconf 90' lang='lat' dir='ltr'><strong>qui</strong></span> <span class='ocrx_word' id='word_1_177' title='bbox 392 2751 575 2838; x_wconf 88' lang='lat' dir='ltr'><strong>spernendis</strong></span> <span class='ocrx_word' id='word_1_178' title='bbox 592 2751 764 2820; x_wconf 82' lang='lat' dir='ltr'><strong>bonoribus</strong></span> <span class='ocrx_word' id='word_1_179' title='bbox 788 2764 820 2820; x_wconf 91' lang='lat' dir='ltr'><strong>et</strong></span> <span class='ocrx_word' id='word_1_180' title='bbox 836 2757 1091 2841; x_wconf 89' lang='lat' dir='ltr'><strong>respondendum</strong></span> <span class='ocrx_word' id='word_1_181' title='bbox 1112 2764 1199 2820; x_wconf 69' lang='lat' dir='ltr'><strong>ratius</strong></span> <span class='ocrx_word' id='word_1_182' title='bbox 1217 2755 1258 2819; x_wconf 90' lang='lat' dir='ltr'><strong>iis</strong></span> <span class='ocrx_word' id='word_1_183' title='bbox 1277 2777 1355 2839; x_wconf 92' lang='lat' dir='ltr'><strong>quo-</strong></span> 
     </span>
     <span class='ocr_line' id='line_1_27' title="bbox 319 2848 1354 2932; baseline 0.006 -24"><span class='ocrx_word' id='word_1_184' title='bbox 319 2867 389 2910; x_wconf 85' lang='lat' dir='ltr'><strong>nun</strong></span> <span class='ocrx_word' id='word_1_185' title='bbox 406 2867 530 2910; x_wconf 90' lang='lat' dir='ltr'><strong>rumore</strong></span> <span class='ocrx_word' id='word_1_186' title='bbox 552 2848 743 2932; x_wconf 87' lang='lat' dir='ltr'><strong>arguebatur</strong></span> <span class='ocrx_word' id='word_1_187' title='bbox 763 2850 798 2915; x_wconf 92' lang='lat' dir='ltr'><strong>in</strong></span> <span class='ocrx_word' id='word_1_188' title='bbox 811 2849 1017 2922; x_wconf 88' lang='lat' dir='ltr'><strong>ambitionem</strong></span> <span class='ocrx_word' id='word_1_189' title='bbox 1038 2849 1180 2927; x_wconf 85' lang='lat' dir='ltr'><strong>flexisse,</strong></span> <span class='ocrx_word' id='word_1_190' title='bbox 1206 2848 1354 2914; x_wconf 90' lang='lat' dir='ltr'><strong>huiusce·</strong></span> 
     </span>
     <span class='ocr_line' id='line_1_28' title="bbox 319 2938 1240 3026; baseline 0.005 -22"><span class='ocrx_word' id='word_1_191' title='bbox 319 2938 405 3004; x_wconf 86' lang='lat' dir='ltr'><strong>modi</strong></span> <span class='ocrx_word' id='word_1_192' title='bbox 423 2939 595 3006; x_wconf 87' lang='lat' dir='ltr'><strong>orationem</strong></span> <span class='ocrx_word' id='word_1_193' title='bbox 614 2942 732 3026; x_wconf 88' lang='lat' dir='ltr'><strong>coepit:</strong></span> <span class='ocrx_word' id='word_1_194' title='bbox 1236 2953 1240 2962; x_wconf 89' lang='lat'>&#39;</span> 
     </span>
     <span class='ocr_line' id='line_1_29' title="bbox 385 3030 1353 3123; baseline 0.002 -25"><span class='ocrx_word' id='word_1_195' title='bbox 385 3030 491 3112; x_wconf 71' lang='lat' dir='ltr'><strong>„Scia</strong></span> <span class='ocrx_word' id='word_1_196' title='bbox 509 3043 615 3120; x_wconf 88' lang='lat' dir='ltr'><strong>patres</strong></span> <span class='ocrx_word' id='word_1_197' title='bbox 629 3037 806 3123; x_wconf 89' lang='lat' dir='ltr'><strong>conscripti,</strong></span> <span class='ocrx_word' id='word_1_198' title='bbox 819 3038 1032 3104; x_wconf 84' lang='lat' dir='ltr'><strong>&#39;constantiam</strong></span> <span class='ocrx_word' id='word_1_199' title='bbox 1045 3059 1149 3102; x_wconf 92' lang='lat' dir='ltr'><strong>meam</strong></span> <span class='ocrx_word' id='word_1_200' title='bbox 1161 3061 1182 3103; x_wconf 95' lang='lat' dir='ltr'><strong>a</strong></span> <span class='ocrx_word' id='word_1_201' title='bbox 1193 3037 1353 3122; x_wconf 90' lang='lat' dir='ltr'><strong>plerisque</strong></span> 
     </span>
     <span class='ocr_line' id='line_1_30' title="bbox 320 3125 1354 3218; baseline 0.004 -28"><span class='ocrx_word' id='word_1_202' title='bbox 320 3125 543 3205; x_wconf 82' lang='lat' dir='ltr'><strong>desideratam,</strong></span> <span class='ocrx_word' id='word_1_203' title='bbox 562 3128 647 3212; x_wconf 92' lang='lat' dir='ltr'><strong>quod</strong></span> <span class='ocrx_word' id='word_1_204' title='bbox 662 3129 763 3196; x_wconf 85' lang='lat' dir='ltr'><strong>Asiae</strong></span> <span class='ocrx_word' id='word_1_205' title='bbox 781 3131 959 3198; x_wconf 90' lang='lat' dir='ltr'><strong>civitatibus</strong></span> <span class='ocrx_word' id='word_1_206' title='bbox 977 3153 1077 3218; x_wconf 88' lang='lat' dir='ltr'><strong>nuper</strong></span> <span class='ocrx_word' id='word_1_207' title='bbox 1093 3131 1178 3196; x_wconf 91' lang='lat' dir='ltr'><strong>idem</strong></span> <span class='ocrx_word' id='word_1_208' title='bbox 1195 3131 1283 3195; x_wconf 89' lang='lat' dir='ltr'><strong>istud</strong></span> <span class='ocrx_word' id='word_1_209' title='bbox 1299 3152 1354 3215; x_wconf 90' lang='lat' dir='ltr'><strong>pe-</strong></span> 
     </span>
     <span class='ocr_line' id='line_1_31' title="bbox 320 3219 1354 3312; baseline 0.006 -30"><span class='ocrx_word' id='word_1_210' title='bbox 320 3219 458 3284; x_wconf 84' lang='lat' dir='ltr'><strong>tentibus</strong></span> <span class='ocrx_word' id='word_1_211' title='bbox 480 3242 543 3286; x_wconf 91' lang='lat' dir='ltr'><strong>uon</strong></span> <span class='ocrx_word' id='word_1_212' title='bbox 565 3221 626 3286; x_wconf 89' lang='lat' dir='ltr'><strong>sim</strong></span> <span class='ocrx_word' id='word_1_213' title='bbox 652 3224 851 3304; x_wconf 61' lang='lat' dir='ltr'><strong>adversatum</strong></span> <span class='ocrx_word' id='word_1_214' title='bbox 877 3234 1004 3312; x_wconf 88' lang='lat' dir='ltr'><strong>ergoet</strong></span> <span class='ocrx_word' id='word_1_215' title='bbox 1025 3225 1139 3310; x_wconf 86' lang='lat' dir='ltr'><strong>prioris</strong></span> <span class='ocrx_word' id='word_1_216' title='bbox 1162 3224 1278 3289; x_wconf 89' lang='lat' dir='ltr'><strong>silentii</strong></span> <span class='ocrx_word' id='word_1_217' title='bbox 1300 3224 1354 3288; x_wconf 89' lang='lat' dir='ltr'><strong>de-</strong></span> 
     </span>
     <span class='ocr_line' id='line_1_32' title="bbox 319 3308 1353 3402; baseline 0.007 -28"><span class='ocrx_word' id='word_1_218' title='bbox 319 3308 509 3387; x_wconf 76' lang='lat' dir='ltr'><strong>fensionem,</strong></span> <span class='ocrx_word' id='word_1_219' title='bbox 532 3321 564 3378; x_wconf 91' lang='lat' dir='ltr'><strong>et</strong></span> <span class='ocrx_word' id='word_1_220' title='bbox 580 3313 657 3395; x_wconf 91' lang='lat' dir='ltr'><strong>quid</strong></span> <span class='ocrx_word' id='word_1_221' title='bbox 673 3315 706 3380; x_wconf 90' lang='lat' dir='ltr'><strong>in</strong></span> <span class='ocrx_word' id='word_1_222' title='bbox 727 3316 869 3382; x_wconf 86' lang='lat' dir='ltr'><strong>futurum</strong></span> <span class='ocrx_word' id='word_1_223' title='bbox 892 3319 1068 3397; x_wconf 87' lang='lat' dir='ltr'><strong>statuerim,</strong></span> <span class='ocrx_word' id='word_1_224' title='bbox 1091 3317 1185 3384; x_wconf 90' lang='lat' dir='ltr'><strong>simul</strong></span> <span class='ocrx_word' id='word_1_225' title='bbox 1203 3317 1353 3402; x_wconf 84' lang='lat' dir='ltr'><strong>aperiam.</strong></span> 
     </span>
     <span class='ocr_line' id='line_1_33' title="bbox 319 3401 1354 3496; baseline 0.012 -34"><span class='ocrx_word' id='word_1_226' title='bbox 319 3421 391 3464; x_wconf 88' lang='lat' dir='ltr'><strong>oum</strong></span> <span class='ocrx_word' id='word_1_227' title='bbox 405 3401 497 3466; x_wconf 82' lang='lat' dir='ltr'><strong>divus</strong></span> <span class='ocrx_word' id='word_1_228' title='bbox 510 3401 679 3488; x_wconf 88' lang='lat' dir='ltr'><strong>Augustus</strong></span> <span class='ocrx_word' id='word_1_229' title='bbox 694 3407 755 3472; x_wconf 91' lang='lat' dir='ltr'><strong>sibi</strong></span> <span class='ocrx_word' id='word_1_230' title='bbox 768 3418 861 3491; x_wconf 89' lang='lat' dir='ltr'><strong>atque</strong></span> <span class='ocrx_word' id='word_1_231' title='bbox 874 3411 945 3476; x_wconf 90' lang='lat' dir='ltr'><strong>urbi</strong></span> <span class='ocrx_word' id='word_1_232' title='bbox 957 3411 1079 3477; x_wconf 85' lang='lat' dir='ltr'><strong>Romae</strong></span> <span class='ocrx_word' id='word_1_233' title='bbox 1097 3411 1250 3496; x_wconf 89' lang='lat' dir='ltr'><strong>templum</strong></span> <span class='ocrx_word' id='word_1_234' title='bbox 1268 3410 1354 3495; x_wconf 88' lang='lat' dir='ltr'><strong>apud</strong></span> 
     </span>
     <span class='ocr_line' id='line_1_34' title="bbox 318 3489 1353 3588; baseline 0.012 -32"><span class='ocrx_word' id='word_1_235' title='bbox 318 3489 510 3576; x_wconf 79' lang='lat' dir='ltr'><strong>Pergamum</strong></span> <span class='ocrx_word' id='word_1_236' title='bbox 533 3494 602 3560; x_wconf 89' lang='lat' dir='ltr'><strong>sisti</strong></span> <span class='ocrx_word' id='word_1_237' title='bbox 618 3517 683 3562; x_wconf 89' lang='lat' dir='ltr'><strong>nou</strong></span> <span class='ocrx_word' id='word_1_238' title='bbox 698 3500 924 3583; x_wconf 88' lang='lat' dir='ltr'><strong>prohibuisset,</strong></span> <span class='ocrx_word' id='word_1_239' title='bbox 947 3504 1002 3588; x_wconf 89' lang='lat' dir='ltr'><strong>qui</strong></span> <span class='ocrx_word' id='word_1_240' title='bbox 1024 3504 1130 3570; x_wconf 90' lang='lat' dir='ltr'><strong>omnia</strong></span> <span class='ocrx_word' id='word_1_241' title='bbox 1151 3505 1237 3569; x_wconf 84' lang='lat' dir='ltr'><strong>facta</strong></span> <span class='ocrx_word' id='word_1_242' title='bbox 1255 3504 1353 3568; x_wconf 87' lang='lat' dir='ltr'><strong>dicta·</strong></span> 
     </span>
     <span class='ocr_line' id='line_1_35' title="bbox 318 3583 1354 3683; baseline 0.012 -34"><span class='ocrx_word' id='word_1_243' title='bbox 318 3583 469 3668; x_wconf 82' lang='lat' dir='ltr'><strong>quocica</strong></span> <span class='ocrx_word' id='word_1_244' title='bbox 495 3584 564 3652; x_wconf 87' lang='lat' dir='ltr'><strong>vice</strong></span> <span class='ocrx_word' id='word_1_245' title='bbox 590 3587 671 3674; x_wconf 84' lang='lat' dir='ltr'><strong>legis</strong></span> <span class='ocrx_word' id='word_1_246' title='bbox 698 3590 878 3674; x_wconf 90' lang='lat' dir='ltr'><strong>observem,</strong></span> <span class='ocrx_word' id='word_1_247' title='bbox 904 3597 1056 3682; x_wconf 85' lang='lat' dir='ltr'><strong>placitum</strong></span> <span class='ocrx_word' id='word_1_248' title='bbox 1080 3598 1145 3664; x_wconf 92' lang='lat' dir='ltr'><strong>iarn</strong></span> <span class='ocrx_word' id='word_1_249' title='bbox 1172 3597 1354 3683; x_wconf 87' lang='lat' dir='ltr'><strong>exemplum</strong></span> 
     </span>
     <span class='ocr_line' id='line_1_36' title="bbox 318 3677 1352 3769; baseline 0.012 -27"><span class='ocrx_word' id='word_1_250' title='bbox 318 3677 492 3764; x_wconf 84' lang='lat' dir='ltr'><strong>pmmptius</strong></span> <span class='ocrx_word' id='word_1_251' title='bbox 506 3687 634 3748; x_wconf 86' lang='lat' dir='ltr'><strong>secutus</strong></span> <span class='ocrx_word' id='word_1_252' title='bbox 652 3704 733 3762; x_wconf 89' lang='lat' dir='ltr'><strong>sum,</strong></span> <span class='ocrx_word' id='word_1_253' title='bbox 751 3686 827 3769; x_wconf 92' lang='lat' dir='ltr'><strong>quia</strong></span> <span class='ocrx_word' id='word_1_254' title='bbox 844 3689 942 3754; x_wconf 92' lang='lat' dir='ltr'><strong>cultui</strong></span> <span class='ocrx_word' id='word_1_255' title='bbox 958 3713 1032 3757; x_wconf 92' lang='lat' dir='ltr'><strong>meo</strong></span> <span class='ocrx_word' id='word_1_256' title='bbox 1045 3691 1205 3757; x_wconf 91' lang='lat' dir='ltr'><strong>veneratio</strong></span> <span class='ocrx_word' id='word_1_257' title='bbox 1224 3699 1352 3756; x_wconf 90' lang='lat' dir='ltr'><strong>senatus</strong></span> 
     </span>
     <span class='ocr_line' id='line_1_37' title="bbox 319 3770 1352 3880; baseline 0.009 -42"><span class='ocrx_word' id='word_1_258' title='bbox 319 3770 561 3880; x_wconf 71' lang='lat' dir='ltr'><strong>adiungebatru:</strong></span> <span class='ocrx_word' id='word_1_259' title='bbox 576 3783 714 3842; x_wconf 85' lang='lat' dir='ltr'><strong>ceterum</strong></span> <span class='ocrx_word' id='word_1_260' title='bbox 726 3786 763 3844; x_wconf 90' lang='lat' dir='ltr'><strong>ut</strong></span> <span class='ocrx_word' id='word_1_261' title='bbox 775 3782 874 3848; x_wconf 87' lang='lat' dir='ltr'><strong>semel</strong></span> <span class='ocrx_word' id='word_1_262' title='bbox 886 3784 1044 3868; x_wconf 87' lang='lat' dir='ltr'><strong>recepisse</strong></span> <span class='ocrx_word' id='word_1_263' title='bbox 1057 3785 1184 3850; x_wconf 87' lang='lat' dir='ltr'><strong>veniam</strong></span> <span class='ocrx_word' id='word_1_264' title='bbox 1196 3782 1352 3860; x_wconf 79' lang='lat' dir='ltr'><strong>habuerit,</strong></span> 
     </span>
     <span class='ocr_line' id='line_1_38' title="bbox 319 3871 1354 3962; baseline 0.012 -32"><span class='ocrx_word' id='word_1_265' title='bbox 319 3875 363 3930; x_wconf 75' lang='lat' dir='ltr'><strong>ita</strong></span> <span class='ocrx_word' id='word_1_266' title='bbox 384 3885 441 3952; x_wconf 87' lang='lat' dir='ltr'><strong>por</strong></span> <span class='ocrx_word' id='word_1_267' title='bbox 461 3887 571 3934; x_wconf 89' lang='lat' dir='ltr'><strong>omues</strong></span> <span class='ocrx_word' id='word_1_268' title='bbox 593 3871 771 3954; x_wconf 84' lang='lat' dir='ltr'><strong>provincias</strong></span> <span class='ocrx_word' id='word_1_269' title='bbox 792 3873 899 3962; x_wconf 82' lang='lat' dir='ltr'><strong>effigie</strong></span> <span class='ocrx_word' id='word_1_270' title='bbox 924 3879 1090 3944; x_wconf 88' lang='lat' dir='ltr'><strong>numinum</strong></span> <span class='ocrx_word' id='word_1_271' title='bbox 1112 3878 1231 3944; x_wconf 87' lang='lat' dir='ltr'><strong>sacrari</strong></span> <span class='ocrx_word' id='word_1_272' title='bbox 1253 3878 1354 3944; x_wconf 86' lang='lat' dir='ltr'><strong>ambi-</strong></span> 
     </span>
     <span class='ocr_line' id='line_1_39' title="bbox 319 3955 1353 4058; baseline 0.012 -36"><span class='ocrx_word' id='word_1_273' title='bbox 319 3955 449 4034; x_wconf 79' lang='lat' dir='ltr'><strong>tiosum,</strong></span> <span class='ocrx_word' id='word_1_274' title='bbox 476 3959 663 4044; x_wconf 83' lang='lat' dir='ltr'><strong>superbum3</strong></span> <span class='ocrx_word' id='word_1_275' title='bbox 690 3974 722 4030; x_wconf 90' lang='lat' dir='ltr'><strong>et</strong></span> <span class='ocrx_word' id='word_1_276' title='bbox 746 3977 896 4033; x_wconf 88' lang='lat' dir='ltr'><strong>vanescet</strong></span> <span class='ocrx_word' id='word_1_277' title='bbox 915 3967 1059 4058; x_wconf 86' lang='lat' dir='ltr'><strong>Augusti</strong></span> <span class='ocrx_word' id='word_1_278' title='bbox 1084 3971 1199 4048; x_wconf 91' lang='lat' dir='ltr'><strong>bonor,</strong></span> <span class='ocrx_word' id='word_1_279' title='bbox 1227 3971 1256 4036; x_wconf 92' lang='lat' dir='ltr'><strong>si</strong></span> <span class='ocrx_word' id='word_1_280' title='bbox 1280 3991 1353 4056; x_wconf 93' lang='lat' dir='ltr'><strong>pro-</strong></span> 
     </span>
     <span class='ocr_line' id='line_1_40' title="bbox 268 4047 1351 4151; baseline 0.011 -37"><span class='ocrx_word' id='word_1_281' title='bbox 268 4065 301 4114; x_wconf 71' lang='lat' dir='ltr'><strong>tu</strong></span> <span class='ocrx_word' id='word_1_282' title='bbox 319 4047 425 4114; x_wconf 68' lang='lat' dir='ltr'><strong>criseis</strong></span> <span class='ocrx_word' id='word_1_283' title='bbox 443 4051 676 4122; x_wconf 80' lang='lat' dir='ltr'><strong>adulationibus</strong></span> <span class='ocrx_word' id='word_1_284' title='bbox 698 4057 853 4146; x_wconf 78' lang='lat' dir='ltr'><strong>vulgatur.</strong></span> <span class='ocrx_word' id='word_1_285' title='bbox 881 4083 941 4148; x_wconf 91' lang='lat' dir='ltr'><strong>ego</strong></span> <span class='ocrx_word' id='word_1_286' title='bbox 959 4086 1024 4142; x_wconf 91' lang='lat' dir='ltr'><strong>me,</strong></span> <span class='ocrx_word' id='word_1_287' title='bbox 1046 4073 1152 4151; x_wconf 88' lang='lat' dir='ltr'><strong>patres</strong></span> <span class='ocrx_word' id='word_1_288' title='bbox 1171 4063 1351 4148; x_wconf 89' lang='lat' dir='ltr'><strong>conscripti,</strong></span> 
     </span>
     <span class='ocr_line' id='line_1_41' title="bbox 318 4140 1352 4244; baseline 0.015 -39"><span class='ocrx_word' id='word_1_289' title='bbox 318 4140 480 4208; x_wconf 71' lang='lat' dir='ltr'><strong>tuoualcm</strong></span> <span class='ocrx_word' id='word_1_290' title='bbox 502 4165 573 4210; x_wconf 86' lang='lat' dir='ltr'><strong>csso</strong></span> <span class='ocrx_word' id='word_1_291' title='bbox 595 4155 627 4212; x_wconf 85' lang='lat' dir='ltr'><strong>ot</strong></span> <span class='ocrx_word' id='word_1_292' title='bbox 648 4147 810 4216; x_wconf 90' lang='lat' dir='ltr'><strong>bominum</strong></span> <span class='ocrx_word' id='word_1_293' title='bbox 833 4154 938 4222; x_wconf 88' lang='lat' dir='ltr'><strong>officia</strong></span> <span class='ocrx_word' id='word_1_294' title='bbox 959 4155 1051 4244; x_wconf 86' lang='lat' dir='ltr'><strong>fimgi</strong></span> <span class='ocrx_word' id='word_1_295' title='bbox 1073 4157 1214 4241; x_wconf 88' lang='lat' dir='ltr'><strong>satisque</strong></span> <span class='ocrx_word' id='word_1_296' title='bbox 1235 4156 1352 4223; x_wconf 88' lang='lat' dir='ltr'><strong>babere</strong></span> 
     </span>
    </p>
   </div>
   <div class='ocr_carea' id='block_1_3' title="bbox 0 0 1484 4962">
    <p class='ocr_par' dir='ltr' id='par_1_3' title="bbox 0 0 1484 4962">
     <span class='ocr_line' id='line_1_42' title="bbox 0 0 1484 4962; baseline 0 2"><span class='ocrx_word' id='word_1_297' title='bbox 0 0 1484 4962; x_wconf 95' lang='lat' dir='ltr'><strong> </strong></span> 
     </span>
    </p>
   </div>
  </div>
 </body>
</html>
