3084 4960
291 385 445 434 XXXVIII
574 389 614 430 DE
634 383 769 432 contuitu
787 386 884 429 raom
903 387 970 428 ma
987 386 1105 430 meanto

290 501 394 557 blicam
409 500 539 558 Tacitum
557 499 683 572 pericula
696 516 731 553 ea
744 498 827 552 vitari
846 497 940 568 cipatu
949 497 1064 565 mutari,
1084 497 1187 569 quibus
1199 498 1284 554 rebus
1297 497 1383 554 liber·

290 570 429 638 voluisse,
448 570 477 625 in
492 586 565 640 quae
580 568 622 622 illi
635 567 776 622 incautius
786 567 826 621 in·
846 573 932 622 tatem
955 565 1061 620 firmari
1082 566 1217 634 voluerit,
1227 578 1231 588 ’
1241 572 1274 620 ut
1289 584 1383 621 rerum

292 639 457 705 currebant,
483 636 672 709 nequeenim
697 635 828 706 fugiebat
846 634 1069 689 dissociabilium
1079 636 1231 689 concordia
1240 635 1337 705 aliqua
1347 652 1381 689 ac

291 723 354 761 eum
363 707 434 761 illud
444 707 510 774 iter,
529 705 605 777 qaod
618 704 680 775 ipse
690 705 734 759 ele
757 710 826 772 erat,
847 703 969 757 societas
982 702 1092 756 institui
1106 703 1382 772 acretincripossct

289 774 378 828 tutius
402 774 515 845 quidem
536 773 682 844 aliquanto
701 722 756 826 seg
769 789 827 826 non
845 770 887 825 Ac
896 771 1066 842 principatui
1077 772 1190 843 quidem
1199 771 1316 825 dubium
1324 788 1383 825 non

290 849 475 912 intumesco,
494 841 598 925 quippe
617 842 665 912 qui
684 857 746 894 cum
764 840 826 896 aliis
846 845 889 894 est
898 839 966 912 quin
975 839 1089 893 nimiam
1098 846 1182 895 antea
1192 846 1221 896 et
1234 840 1383 894 exitiosam

290 911 425 981 exemplis
434 911 600 978 multatum
607 909 698 964 sceeri
708 909 826 978 suiperi-
845 907 900 961 rim
918 908 1006 963 fuisse
1025 908 1190 977 crediderit,
1232 925 1297 962 uam
1314 907 1384 961 licet

291 978 362 1033 culis
381 980 499 1033 edoctus
515 979 550 1033 de
564 993 615 1032 suo
631 978 728 1032 seculo
742 975 826 1047 profi·
845 976 1158 1056 nonplaneappareat,
1177 977 1225 1048 qui
1246 976 1382 1030 ustermi-

291 1051 395 1102 teatur:
412 1048 578 1112 nobilitatem,
591 1064 659 1117 epea,
671 1047 777 1099 amireos
784 1064 826 1116 pe·
845 1044 889 1098 nis
899 1046 1189 1114 crrcumscrrbendam‚
1200 1045 1303 1116 quibus
1313 1044 1383 1114 legi·

289 1125 392 1187 atoaque
404 1117 513 1170 tonores
525 1132 577 1185 pro
592 1115 698 1168 crimine
711 1114 792 1182 faisse
804 1123 827 1167 et
846 1113 899 1167 bus
909 1114 1103 1183 coercendam,
1119 1113 1220 1184 quibus
1230 1111 1383 1167 munimen·

290 1185 322 1237 ob
346 1185 452 1237 virtuter
473 1184 640 1237 certissimum
666 1184 827 1247 exitionem
845 1181 881 1235 tis
902 1181 981 1251 ipsas
1003 1182 1083 1251 leges
1106 1181 1300 1235 defendendas
1319 1196 1383 1236 essa

289 1251 381 1305 ultimi
390 1249 616 1306 veroDcmitiani
626 1250 694 1304 anni
702 1254 758 1303 tarn
765 1267 827 1320 gra·
846 1250 998 1319 censuerit,
1018 1256 1170 1328 supersunt
1177 1255 1272 1303 tamen
1286 1249 1384 1320 aliqua

291 1336 341 1374 ves
363 1335 399 1373 ac
420 1318 543 1375 luctuosi
564 1317 621 1388 ipsi
643 1317 769 1387 lucrant,
796 1323 922 1372 atcerte
941 1323 1099 1372 sententiae
1118 1317 1384 1372 Tacitiindiciaet

290 1386 452 1458 Agricolam
469 1386 582 1441 felicem
599 1386 755 1456 praedicet,
779 1387 827 1457 qui
866 1386 928 1440 uasi
945 1385 1114 1456 fragmenta.
1151 1386 1274 1440 Primum
1294 1386 1383 1439 mani·

291 1462 452 1576 opgrcrtuna
465 1461 553 1509 morte
563 1455 697 1536 abreptus
712 1469 827 1508 eosnon
846 1404 949 1509 Iestum
967 1462 1011 1510 est
1027 1454 1153 1508 noluisse
1167 1471 1229 1508 eum
1243 1453 1384 1534 principis

290 1540 318 1576 vr
339 1522 442 1577 ariam
450 1522 543 1587 Quare
553 1524 826 1592 nonnrmisprndens
845 1539 995 1593 persenam
1010 1539 1044 1578 ac
1058 1523 1085 1577 di
1127 1522 1224 1578 itatem
1242 1540 1272 1576 m
1286 1539 1321 1577 ec
1340 1523 1383 1577 t'a-

291 1590 827 1646 autnimiscautedebetillaTacita’ra-
846 1590 929 1662 stigio
940 1607 1013 1660 esse,
1048 1608 1084 1645 uo
1115 1595 1231 1646 extract
1245 1607 1384 1660 suprase-

291 1658 331 1712 tio
349 1658 452 1726 videri,
477 1660 527 1714 sed
549 1658 716 1714 admiranda
737 1660 827 1730 magis
845 1669 942 1714 natum
980 1608 1150 1731 opqumqus
1163 1658 1321 1713 Romanum
1339 1675 1384 1714 es-

291 1726 343 1781 illa
355 1727 385 1781 in
398 1727 500 1781 virtute
511 1728 682 1795 constantia,
692 1795 693 1799 ἵ
702 1729 778 1799 qaod
791 1745 827 1782 ne
847 1733 901 1796 set,
921 1677 977 1783 seri)
980 1728 1097 1782 volebat
1106 1728 1260 1797 principem
1271 1733 1384 1781 senato-

268 1838 269 1841 ι
292 1794 462 1850 saevissimis
476 1796 588 1866 quidem
603 1803 632 1851 et
648 1796 826 1866 periculosis·
846 1813 905 1850 rem
923 1812 999 1864 esse,
1020 1797 1146 1867 quamvis
1164 1812 1227 1851 eum
1245 1795 1384 1866 singulari

293 1862 369 1917 simis
385 1864 559 1934 temporibus
569 1865 719 1919 ‚statuebat
734 1865 772 1918 ad
786 1881 827 1919 se·
847 1870 876 1918 et
885 1863 986 1918 eximia
995 1869 1136 1934 potestate
1146 1863 1319 1934 praeditum
1332 1864 1383 1917 ubi
1400 1859 1409 1874 ”

331 1930 408 1985 itiam
431 1932 650 2003 confugiendum
673 1949 749 2001 esse,
778 1934 828 1987 sed
847 1931 921 1986 enim
939 1933 974 1987 de
993 1933 1102 2002 origine
1120 1931 1295 2002 principatus
1314 1932 1383 2002 agit,

305 2000 403 2054 ortiter
426 2000 509 2055 etiam
536 2000 730 2072 indignissima
756 2002 824 2056 tole·
847 2001 915 2055 dicit
923 1998 1083 2069 Augustum
1097 2002 1311 2069 muniaaeootaa,
1328 2018 1383 2053 ma-

290 2068 392 2137 randa,
412 2085 485 2150 quae
504 2069 616 2141 quidem
633 2072 726 2141 neque
746 2071 829 2140 culpa
844 2069 1137 2150 pistrctaum,lepamin
1148 2067 1321 2136 setraxisse3
1336 2068 1384 2122 de·

292 2153 344 2191 sua
365 2138 534 2191 accidebant
554 2154 647 2207 neque
667 2143 757 2193 morte
777 2155 827 2192 sua
846 2138 911 2192 rnde
921 2155 996 2190 verro
1007 2139 1116 2191 civitatis
1124 2147 1193 2191 statu
1202 2139 1266 2190 citit
1273 2154 1384 2207 usquam

292 2204 442 2325 {cohibere
457 2211 577 2274 poterat.
613 2204 685 2260 Sunt
697 2206 827 2275 profecto
843 2207 927 2276 prisci
934 2215 958 2259 et
966 2207 1061 2276 integri
1067 2208 1147 2260 mon'c
1156 2205 1338 2275 superfuisse,
1354 2211 1384 2258 ct

314 2272 393 2326 ehac
407 2289 436 2327 re
450 2272 648 2354 proculusque
661 2273 776 2344 ingenio
787 2275 826 2328 di·
846 2291 933 2328 omoea
946 2282 1023 2327 exuta
1036 2277 1193 2344 aequalitate
1205 2276 1276 2327 iaaac
1284 2274 1385 2343 princi-

292 2355 374 2394 versa
392 2340 534 2394 hominum
552 2341 670 2408 iudicia,
690 2349 719 2395 et
737 2342 825 2396 videri
844 2343 885 2412 pia
894 2347 1096 2422 capreoloasefllss
1113 2343 1190 2396 haud
1203 2343 1323 2397 obscure
1332 2341 1385 2412 igi-

294 2408 388 2462 solent
405 2407 447 2461 illi
460 2408 592 2463 fortiores
606 2426 641 2463 ac
656 2410 826 2464 constantio·
846 2416 891 2464 tur
901 2409 1384 2482 siguificataequalitatemaliquam

293 2491 348 2543 res,
360 2475 595 2548 quimorimalint
605 2495 689 2549 quam
699 2479 826 2549 ecferre,
845 2477 1109 2549 retineripotuisse,
1129 2485 1158 2534 et
1171 2480 1286 2548 probat,
1306 2478 1385 2549 quod

293 2560 365 2614 quae
375 2544 474 2599 tulisse
485 2561 515 2599 se
525 2545 643 2599 Tacitus
657 2547 777 2615 fatetur,
795 2548 826 2600 il·
846 2546 977 2601 Vitellius
1003 2547 1157 2618 aliquando
1185 2563 1247 2600 cum
1268 2547 1385 2600 Priscus

292 2611 342 2665 lud
356 2612 468 2691 quidem
483 2610 599 2666 dubium
610 2630 668 2669 non
684 2621 740 2683 est,
760 2616 827 2686 quin
846 2614 994 2669 Helvidius
1003 2621 1119 2684 praetor
1128 2615 1292 2695 designatus
1301 2614 1332 2668 in
1342 2630 1385 2668 se·

293 2680 441 2734 consilium
463 2681 557 2734 Taciti
577 2699 670 2753 neque
696 2683 826 2753 ignaviae
846 2688 915 2737 natu
930 2689 1029 2737 contra
1043 2683 1166 2737 studium
1180 2701 1240 2738 erus
1258 2683 1385 2737 censuis-

293 2754 454 2827 tuspectum
464 2748 501 2802 sit
509 2749 588 2805 etrci
600 2751 732 2820 publicae
742 2753 826 2823 longe
847 2757 902 2819 set,
926 2751 997 2805 nihil
1018 2752 1086 2806 novi
1103 2751 1241 2816 accidisse
1265 2751 1385 2819 dixerat,

292 2815 402 2886 utilius,
421 2817 451 2871 in
461 2834 517 2898 quc
527 2824 622 2873 tamen
636 2835 707 2888 opus
717 2824 762 2874 est
770 2820 827 2874 ani-
865 2820 924 2873 uod
942 2820 997 2872 duo
1013 2825 1159 2874 senatores
1176 2819 1206 2873 in
1219 2835 1250 2874 re
1268 2819 1387 2888 publiea

291 2885 596 2968 mononnimrsrigido
629 2889 681 2942 sed
695 2887 743 2961 qui
752 2887 827 2944 flecti
847 2838 1086 2956 dissentirent&
1104 2887 1213 2942 scilicet
1229 2895 1294 2942 ante
1313 2888 1385 2942 Ner-

292 2960 322 3007 ct
333 2971 424 3009 rerum
437 2927 654 3010 necessitatibus
673 2973 827 3012 accommo-
848 2972 910 3009 vam
924 2955 1078 3010 Traianum
1099 2973 1135 3010 ne
1152 2956 1223 3011 haec
1236 2955 1386 3024 persuasio

293 3022 353 3076 dari
363 3024 466 3093 possit,
485 3024 570 3096 idque
580 3041 614 3079 eo
624 3031 826 3095 temperamen-
847 3024 1055 3094 superbissimis
1078 2973 1198 3078 dominis
1221 3024 1326 3092 fuerat,
1353 3029 1388 3077 ut

291 3095 321 3170 to
332 3107 366 3144 ac
375 3093 459 3146 modo
465 3132 474 3172 ,
493 3102 590 3147 utnon
599 3092 697 3148 alienis
711 3093 827 3164 flagitiis
847 3091 901 3146 sibi
919 3092 1081 3147 viderentur
1097 3092 1240 3214 principes
1255 3108 1319 3146 esse
1338 3092 1387 3145 de·

291 3174 423 3229 ipseper
443 3161 558 3215 nimiam
578 3162 745 3230 patientiam
767 3164 826 3232 pol·
848 3161 952 3230 sinere,
972 3161 1081 3231 siquid
1110 3167 1226 3215 acerent
1242 3167 1387 3239 tamquam

292 3227 395 3280 luatur.
847 3233 1045 3283 senatoresut
1070 3229 1187 3284 Tacitus
1205 3234 1299 3282 autem
1312 3228 1387 3280 rllud

327 3291 384 3373 §ed
402 3311 485 3349 caeso
498 3295 663 3351 Domitiano
683 3297 827 3352 camboni
845 3298 1369 3366 Matremqumumccrnma.

293 3377 436 3431 principes
446 3364 639 3433 succederent,
649 3365 679 3418 id
688 3366 779 3435 ipsum
790 3366 827 3419 vi-
871 3369 911 3407 214
927 3369 985 3408 nist.
995 3370 1023 3417 11.
1034 3370 1066 3409 ⁹1·

294 3445 355 3482 sum
377 3435 421 3483 est
441 3431 581 3501 evenisse,
609 3435 687 3504 quod
709 3434 827 3490 maxime
846 3420 910 3509 mill>
926 3420 983 3459 Plln.
997 3431 1074 3470 paneg.
1088 3421 1121 3467 63,
1136 3421 1156 3459 t.
1171 3419 1198 3458 cl.
1212 3416 1388 3458 ‘lralanllaudes

293 3502 444 3565 optaverat
457 3498 588 3568 Tacitus,
607 3506 639 3555 ut
651 3501 827 3572 principatus
846 3467 1389 3570 roxoipiioffittrffi)eyneibi'eulrir'toiiff‘siffler'iii‘t.

294 3582 328 3619 ac
341 3565 458 3622 libertas
471 3568 668 3639 miscerentur,
689 3579 761 3640 quae
779 3573 827 3624 ad·
848 3570 928 3614 nomos
942 3579 962 3614 εἰ
976 3573 1148 3626 ttetttrttt'tth
1161 3571 1271 3625 canalem
1281 3581 1305 3611 *θ
1314 3574 1387 3613 mi·

291 3634 350 3688 huc
363 3635 497 3706 comune
512 3636 626 3691 ecce
640 3654 670 3692 se
685 3639 830 3694 concisas
847 3621 1389 3728 ⁶ararectractarettrratr

293 3719 351 3794 {1011
358 3708 521 3785 potuerant,
529 3721 592 3785 'quo
602 3711 727 3776 tempore
737 3707 829 3762 iudice
847 3687 984 3786 intrassent,
997 3727 1095 3769 coartato
1109 3737 1157 3768 earn
1171 3725 1251 3786 iisdem
1265 3724 1388 3766 indiscreta

300 3772 319 3823 Γ
322 3779 395 3825 aelto
420 3774 610 3828 beabssrmam
633 3776 721 3830 seculi
739 3776 829 3830 lucem
848 3779 945 3820 otctssim
955 3779 1115 3829 tuberataepc
1124 3780 1147 3819 io
1157 3776 1341 3819 aeltrcattsecram
1351 3787 1389 3816 ro-

293 3845 420 3894 exortam
430 3857 492 3896 9530
502 3842 558 3896 jam
567 3859 652 3912 supra
661 3843 830 3966 effosum
848 3829 909 3871 deos.
926 3831 954 3870 cr.
965 3831 994 3870 ib.
1004 3831 1023 3879 ς.
1034 3833 1067 3871 15.
1081 3834 1104 3870 et
1117 3830 1184 3869 multa
1193 3830 1245 3869 tella
1252 3829 1335 3879 profert
1343 3829 1389 3868 Pti-

294 3906 492 3972 Quaerendum
501 3909 636 3980 igiturest
681 3912 687 3924 .
719 3912 725 3924 .
791 3911 797 3924 .
820 3944 830 3952 ⁸
848 3883 897 3922 ntus
905 3883 928 3921 in
937 3884 1080 3931 panegyrica,
1095 3881 1163 3921 veluti
1173 3891 1192 3920 c.
1203 3883 1234 3927 71,
1250 3879 1306 3929 quod
1314 3880 1389 3919 Traia·

641 3930 688 3983 qul
717 3930 746 3966 ln
755 3931 818 3984 prm
848 3944 888 3973 nus
907 3933 1025 3973 candidatis
1044 3933 1118 3972 osculo
1136 3933 1229 3972 occurrit
1243 3935 1265 3970 ct
1278 3933 1389 3980 spectatus

849 3988 881 4023 est
890 3987 992 4032 aequatus
1002 3985 1121 4024 candidatis
1130 3986 1152 4023 et
1164 3983 1229 4022 simul
1239 3987 1309 4028 stans:
1324 3992 1344 4021 c.
1354 3984 1389 4022 tc.

320 4031 359 4070 tlt
377 4031 434 4072 illst.
445 4030 463 4078 Ι,
473 4034 492 4072 2.
795 4059 799 4063 -
848 4035 904 4084 quod
918 4037 941 4074 ln
954 4039 1030 4075 senatu
1043 4035 1098 4075 nihil
1111 4037 1196 4083 praeter
1210 4034 1320 4074 consulem
1334 4035 1388 4081 egit,

319 4083 356 4121 ²11
374 4082 426 4129 ΑΒΓ·
436 4084 461 4122 4⁴
470 4093 502 4131 tq·
848 4086 904 4134 quod
914 4087 976 4125 domo
986 4086 1160 4136 progrediebatur
1168 4085 1216 4125 sinc
1229 4086 1273 4125 ullo
1287 4095 1390 4132 arrogan-

320 4136 358 4173 ‘21⁶2
376 4134 559 4184 vrupagxxv.
708 4168 710 4171 .
747 4166 749 4169 -
780 4165 782 4169 -
822 4180 823 4185 ,
849 4138 891 4178 tiae
904 4138 1028 4188 principalis
1041 4140 1151 4188 apparatu,
1166 4138 1213 4178 sinc
1227 4146 1389 4187 praecursorum

633 4712 639 4724 Ι

626 4873 802 4883 ›Man—...-
1239 4889 1284 4894 ἡ
1320 4890 1351 4896 ἡ
1376 4892 1382 4893 7
1386 4893 1398 4897 .-
1440 4899 1450 4904 Ἶ
1470 4900 1483 4903 7-
1498 4750 1538 4910 Δ
