2960 4962
397 419 609 479 'ANNALIUM
627 419 700 476 LIB.
715 423 748 478 V.
769 423 852 477 1-2.
1081 412 1140 478 151
1261 437 1268 446 ·

120 525 138 564 p.
148 512 187 554 Ob.
197 514 232 554 te.

438 743 653 800 CORNELII
671 743 827 801 TACITI

286 885 972 984 ANNALIUM

371 1067 419 1116 Aa
436 1037 607 1116 excussu
627 1066 708 1115 nrvr
726 1066 893 1118 Aueusm

449 1185 813 1288 crearemur-us,

489 1349 494 1360 ’
540 1359 723 1419 cnnvmmuii.

165 1461 236 1535 Cap.
249 1464 275 1517 1.
289 1461 389 1516 Liviae
402 1457 550 1532 Augustae
567 1477 644 1516 mors
662 1467 692 1516 et
709 1461 841 1532 elogium.
866 1463 891 1517 2.
907 1463 1040 1519 Tiberius
1058 1463 1142 1518 ctiam

118 1546 241 1596 mortuae
254 1538 378 1610 iniquus.
405 1537 430 1591 3.
441 1536 536 1593 Seiani
549 1537 679 1608 potentia
692 1540 801 1593 crescit.
820 1539 978 1611 Agrippina
992 1545 1021 1595 et
1034 1541 1110 1597 Nero
1124 1557 1143 1596 a

117 1616 240 1687 principe
250 1619 431 1671 accusantur.
444 1613 543 1668 tuin
552 1614 707 1685 sospopuli
716 1615 798 1670 favor
806 1616 879 1672 irato
889 1616 1012 1672 Tiberio.

163 1693 246 1748 Haec
259 1697 343 1764 gesta
354 1708 427 1746 coss.
445 1689 475 1744 C.
485 1691 619 1746 Rubellio
635 1690 769 1762 Gemino,
784 1691 814 1747 Ο.
827 1693 911 1748 Fufio
927 1693 1047 1750 Gemino
1061 1693 1141 1749 initio

119 1771 179 1825 anm
187 1772 246 1826 782.
253 1772 357 1826 desunt
366 1769 476 1840 reliqua
484 1769 568 1824 huius
579 1769 655 1840 anni,
665 1771 731 1826 item
742 1772 836 1827 omnia
845 1772 911 1827 anni
921 1773 971 1828 783
980 1778 1054 1841 acta,
1065 1772 1141 1828 deni·

118 1864 169 1918 que
179 1865 254 1919 quac
264 1864 339 1902 anno
350 1846 402 1901 784
413 1863 504 1918 usque
514 1847 552 1900 ad
561 1863 685 1902 mensem
696 1846 850 1904 Octobrem
863 1855 958 1920 gesta,
974 1867 1030 1922 quo
1042 1866 1142 1907 caesus

119 1931 159 1978 est
167 1924 297 1980 Seianus.

175 2066 333 2130 Ronanuo
357 2056 388 2128 ct
404 2063 499 2129 Fumo
518 2063 713 2141 consulibus,
737 2086 871 2148 quorum
893 2067 1014 2150 utrique
1034 2065 1142 2134 Gemi·
1162 2092 1173 2138 1

117 2179 171 2224 nus
184 2167 432 2246 cognomentum
449 2167 523 2235 crat,
537 2157 620 2223 Iulia
631 2157 781 2244 Augusta
794 2169 926 2224 mortem
939 2160 1025 2238 obiit,
1040 2171 1141 2228 aetate

117 2263 266 2330 exuema,
292 2251 464 2318 nobilitatis
484 2275 542 2338 per
560 2251 727 2318 Claudium
753 2254 904 2318 familiam
926 2265 958 2319 et
975 2256 1141 2342 adoptione

117 2346 280 2414 Liviorum
302 2345 517 2431 Iuliorumque
540 2347 739 2412 clarissimae.
770 2348 906 2434 primum
932 2350 961 2414 ei
982 2350 1142 2416 matrimo-

118 2441 197 2506 nium
215 2451 248 2506 et
265 2441 355 2506 liberi
373 2441 460 2506 fuere
478 2463 551 2506 cum
570 2441 697 2507 Tiberio
714 2441 852 2520 Nerone,
872 2444 929 2526 qui
942 2442 1025 2510 bello
1043 2443 1142 2510 Peru·

118 2534 180 2600 sino
201 2534 375 2622 profugus,
401 2557 479 2620 pace
501 2536 582 2600 inter
601 2533 675 2602 Sex.
694 2535 882 2623 Pompeium
903 2559 940 2602 ac
962 2538 1139 2605 triumviros

117 2641 203 2712 pacta
220 2630 256 2694 in
273 2628 384 2693 urbem
397 2630 501 2707 rediit;
520 2630 593 2694 exin
607 2627 727 2695 Caesar
744 2631 888 2717 cupidine
901 2632 1021 2699 formae
1039 2633 1141 2700 aufert

117 2723 236 2800 marito,
261 2722 413 2786 incertum
431 2746 472 2788 an
493 2722 636 2801 invitam,
660 2725 739 2790 adeo
755 2745 907 2811 properus
926 2735 961 2790 ut
978 2749 1017 2791 ne
1040 2728 1141 2814 spatio

116 2816 239 2896 quidem
261 2816 303 2880 ad
323 2815 503 2880 enitendum
530 2816 603 2882 dato
628 2817 796 2904 penatibus
819 2819 884 2884 suis
910 2819 1072 2903 gravidam
1094 2820 1142 2898 in-

117 2907 249 2987 duxerit3
267 2908 385 2973 nullam
401 2909 533 2994 posthac
552 2909 694 2976 subolem
713 2911 818 2986 edidit,
838 2911 894 2975 sed
913 2913 1058 2996 sanguini
1072 2911 1141 2976 Au-

115 3005 195 3086 gusti
211 3025 271 3089 per
288 3002 537 3068 coniunctionem
555 3003 753 3089 Agrippinae
771 3011 803 3066 et
821 3000 1001 3068 Germanioi
1018 3005 1141 3069 adnexa

116 3116 295 3163 communes
319 3107 508 3183 pronepotes
529 3097 649 3162 habuit.
681 3095 846 3160 sanctitate
868 3095 980 3160 domus
1002 3097 1141 3182 priscum

116 3191 151 3254 ad
167 3213 305 3268 morem,
328 3191 425 3258 comis
442 3191 637 3275 ultraquam
659 3187 796 3272 antiquis
819 3188 943 3260 feminis
961 3188 1126 3275 probatum
1132 3215 1141 3268 ;

116 3295 209 3352 mater
227 3283 387 3370 inpotens,
410 3308 491 3350 uxor
508 3284 611 3354 facilis
628 3293 660 3349 et
678 3305 751 3349 oum
769 3282 888 3350 artibus
906 3283 1022 3361 mariti,
1046 3282 1142 3349 simu-

115 3373 226 3444 latione
247 3378 303 3442 filii
324 3377 404 3444 bene
427 3379 610 3465 composita.
642 3378 738 3444 funus
761 3378 828 3444 eius
850 3378 1022 3457 modicum,
1047 3388 1141 3444 testa

115 3483 251 3540 mentum
269 3473 324 3552 diu
335 3474 463 3539 inritum
477 3473 551 3553 fuit3
569 3474 696 3540 laudata
713 3483 762 3550 cst
778 3475 956 3562 prorostris
971 3499 990 3542 a
1005 3473 1042 3542 C.
1059 3473 1141 3544 Cae·
1167 3502 1170 3506 ·

115 3588 179 3634 sare
196 3575 383 3653 pronepote,
402 3568 457 3652 qui
474 3591 549 3634 mox
565 3591 669 3634 rerum
685 3569 803 3654 potitus
821 3579 879 3637 est.

172 3661 221 3726 At
238 3660 399 3741 Tiberius,
418 3663 505 3746 quod
522 3665 675 3749 supremis
693 3663 726 3728 in
742 3672 873 3728 matrem
891 3663 1004 3728 officiis
1022 3662 1173 3729 defuis-2

115 3764 171 3833 set,
194 3755 274 3820 nibil
291 3765 412 3822 mutata
429 3757 614 3824 amoenitate
633 3757 716 3822 vitae
733 3757 982 3844 magnitudinem
999 3756 1141 3839 negotio-

113 3869 178 3914 rum
195 3871 254 3934 per
270 3849 391 3916 litteras
409 3850 585 3930 excusavit,
607 3851 806 3934 honoresque
826 3848 995 3947 memoriap
1013 3847 1081 3914 eius
1100 3847 1140 3912 ab

114 3953 222 4008 senatu
239 3943 328 4030 large
345 3945 486 4011 decretos
505 3945 596 4030 quasi
612 3968 669 4030 per
681 3942 867 4010 modestiam
880 3940 1044 4017 imminuit,
1062 3963 1140 4026 pau-

34 4075 41 4092 ·
113 4036 154 4104 cis
172 4038 346 4104 admodum
362 4040 496 4127 receptis
514 4049 547 4120 et
563 4039 670 4104 addito
687 4059 728 4102 ne
745 4034 888 4101 caelestis
906 4033 1140 4120 religiodecer-

113 4141 249 4200 seretur:
277 4133 324 4198 sio
345 4135 447 4221 ipsam
468 4134 632 4209 maluisse3
659 4131 735 4214 quin
757 4138 789 4194 et
805 4138 893 4215 parte
915 4127 1056 4195 ciusdem
1074 4130 1139 4215 epi-
