3042 4956
358 423 421 488 190
707 431 892 489 CORNELII
905 379 1036 490 TAdITI

355 595 436 670 cios,
457 591 536 656 nibil
553 591 638 656 aliud
659 590 839 676 prolocutus
861 614 956 673 quam
977 591 1087 658 beatos
1109 528 1387 676 quondambbiii

355 689 531 762 Romanos,
560 686 684 772 signum
706 685 846 769 receptui
867 686 962 750 dedit.
988 695 1024 750 ut
1045 698 1150 750 tamen
1172 687 1263 753 miles
1286 689 1383 754 otium

355 791 492 858 exueret,
511 781 592 844 inter
608 780 735 845 Mosam
747 779 956 862 Rhenumque
974 781 1067 844 trium
1085 792 1116 846 et
1133 781 1245 868 tiginti
1262 783 1384 848 milium

355 877 457 962 spatio
470 877 589 940 fossam
601 873 774 959 praeduxit,
790 895 853 956 qua
864 873 982 938 incerta
996 871 1118 940 Oceani
1132 885 1318 940 vetarentur.
1337 877 1385 940 in-

354 972 458 1058 signia
471 980 576 1035 tamen
588 969 736 1056 triumphi
748 967 877 1032 indulsit
890 966 1018 1046 Caesar,
1037 970 1180 1053 quamvis
1194 969 1311 1036 bellum
1328 993 1384 1036 ne-

355 1066 505 1153 gavisset

419 1160 485 1224 Nec
503 1157 601 1222 multo
615 1169 687 1242 post
702 1155 830 1221 Curtius
844 1155 949 1221 Rufus
968 1158 1101 1221 eundem
1113 1157 1264 1223 honorem
1283 1159 1384 1244 adipi-

354 1255 464 1331 seitur,
488 1253 592 1337 quiin
608 1275 685 1338 agro
702 1250 855 1315 Mattiaco
877 1251 1045 1315 recluserat
1064 1273 1176 1336 specus
1195 1254 1381 1335 quaerendis

353 1349 443 1412 venis
461 1347 596 1433 argenti;
620 1347 703 1410 unde
721 1345 822 1409 tenuis
841 1345 961 1410 fruetus
978 1367 1037 1410 nec
1054 1346 1087 1409 in
1104 1345 1235 1432 longum
1252 1346 1327 1424 fuit,
1351 1359 1382 1410 at

352 1441 529 1527 legionibus
552 1462 624 1504 eum
641 1440 756 1504 damno
777 1439 879 1517 labor,
902 1439 1043 1525 effodere
1064 1440 1163 1515 rivos,
1187 1462 1332 1524 quaeque
1349 1441 1381 1504 in

352 1545 460 1620 aperto
482 1533 604 1620 gravia,
627 1533 758 1596 humum
775 1534 858 1598 infra
875 1534 986 1598 moliri.
1014 1535 1084 1618 quis
1107 1534 1255 1600 subactus
1279 1535 1379 1609 miles,

351 1639 384 1693 et
400 1628 475 1710 quia
492 1628 597 1712 plures
615 1650 672 1713 per
688 1627 866 1713 provincias
884 1628 998 1692 similia
1015 1628 1233 1706 tolerabantur,
1253 1651 1381 1713 compo-

351 1723 397 1787 nit
414 1723 552 1787 oceultas
569 1722 688 1786 litteras
705 1722 832 1786 nomine
850 1722 1052 1800 exercituum,
1070 1723 1264 1808 precantium
1281 1723 1381 1806 impe-

350 1826 486 1882 ratorem
504 1825 548 1892 nt,
567 1814 681 1900 quibus
699 1817 909 1902 permissurus
923 1828 1008 1881 essct
1025 1816 1190 1894 exercitus,
1209 1817 1381 1902 triumpha·

352 1911 395 1976 lia
412 1921 484 1976 ante
502 1910 660 1975 tribueret

300 2027 330 2074 21
415 2005 468 2070 De
486 2005 606 2091 origine
625 2003 728 2070 Curtii
744 2004 833 2082 Rufi,
851 2027 945 2088 quem
963 2005 1135 2091 gladiatore
1152 2005 1294 2091 genitum
1311 2005 1381 2088 qui-

350 2101 426 2165 dam
449 2099 628 2186 prodidere,
655 2099 863 2194 neque'falsa
888 2099 1095 2184 prompserim
1116 2107 1148 2163 et
1169 2123 1244 2165 vera
1266 2098 1380 2181 exequi

350 2195 457 2279 pudet.
484 2205 653 2279 postquam
674 2193 823 2271 adolevit,
846 2203 981 2258 sectator
1002 2193 1176 2276 quaestoris
1199 2193 1250 2258 eui
1266 2191 1381 2258 Africa

350 2287 518 2374 obtigerat,
543 2289 618 2352 dum
640 2288 674 2350 in
696 2289 812 2373 oppido
833 2285 1009 2351 Adrumeto
1031 2287 1139 2352 vacuis
1161 2309 1218 2371 per
1238 2286 1379 2350 medium

350 2383 413 2446 diei
430 2381 601 2466 porticibus
620 2392 758 2446 secretus
776 2382 888 2468 agitat,
907 2381 1013 2446 oblata
1029 2382 1059 2446 ei
1077 2380 1378 2467 speciesmuliebris

349 2476 431 2538 ultra
451 2475 580 2539 modum
600 2474 773 2539 humanum
796 2487 828 2540 et
849 2476 956 2542 audita
978 2485 1026 2541 est
1046 2499 1110 2540 vox
1133 2485 1188 2554 „tu
1210 2497 1258 2552 es,
1281 2474 1378 2550 Rufe,

348 2567 452 2651 quiin
470 2567 551 2631 hanc
563 2569 756 2652 provinciam
774 2592 831 2654 pro
849 2571 978 2635 consule
995 2570 1133 2635 venies.“
1157 2569 1211 2634 tali
1225 2568 1328 2634 omine
1346 2569 1380 2634 in

349 2684 438 2747 spem
460 2661 603 2727 sublatus
626 2662 857 2748 degressusque
879 2662 913 2728 in
934 2663 1045 2730 urbem
1063 2674 1094 2729 et
1114 2663 1278 2750 largitione
1300 2663 1380 2727 ami-

348 2779 465 2833 corum,
486 2756 579 2820 simul
592 2755 656 2821 acri
670 2757 806 2843 ingenie,
822 2767 1022 2841 quaesturam
1033 2767 1064 2823 et
1076 2781 1150 2822 mox
1162 2757 1283 2822 nobiles
1297 2757 1379 2822 inter

348 2849 530 2915 candidatos
553 2861 731 2936 praeturam
748 2851 897 2937 principis
916 2852 1067 2938 suffragio
1089 2851 1279 2935 assequitur,
1304 2873 1378 2914 cum

347 2945 1378 3026 hisceverbisTiberiusdedecusnataliumeiusvelavisset:„Cur-
1458 2998 1464 3008 .

347 3041 409 3105 tius
423 3040 527 3106 Rufus
546 3040 669 3106 videtur
681 3040 759 3106 mihi
776 3064 816 3106 ex
834 3063 867 3106 se
885 3046 1008 3107 natus.“
1031 3041 1127 3128 longa
1142 3052 1215 3128 post
1231 3041 1309 3106 haec
1328 3063 1379 3106 se·

347 3147 451 3213 necta,
479 3144 510 3200 et
532 3136 683 3200 adversus
706 3136 881 3221 superiores
904 3137 985 3200 tristi
1007 3136 1199 3212 adulatione,
1225 3158 1377 3221 arrogans

347 3229 529 3307 minoribus,
543 3231 623 3295 inter
636 3253 727 3316 pares
742 3231 888 3308 difficilis,
903 3230 1066 3296 consulare
1078 3230 1254 3316 imperium,
1268 3230 1378 3294 trium-

345 3323 400 3408 phi
417 3324 567 3408 insignia,
591 3347 628 3391 ac
644 3335 803 3409 postremo
820 3324 966 3390 Africam
983 3325 1130 3403 obtinuit;
1149 3333 1243 3408 atque
1260 3323 1305 3388 ibi
1322 3325 1377 3388 dc-

345 3416 472 3479 sunctus
491 3417 586 3480 fatale
604 3420 804 3505 praesagium
821 3419 972 3505 implevit.

295 3530 327 3577 22
410 3509 535 3574 Interea
548 3509 668 3576 Romae
686 3514 780 3602 pullis
798 3515 903 3599 palam
921 3535 1023 3597 neque
1036 3513 1170 3600 cognitis
1183 3533 1258 3578 mox
1272 3512 1376 3576 causis

346 3603 406 3670 Cn.
425 3603 561 3682 Nonius,
581 3627 677 3690 eques
695 3607 874 3686 Romanus,
899 3608 980 3674 ferro
997 3608 1156 3674 accinctus
1173 3605 1327 3691 reperitur
1344 3605 1376 3668 in

345 3710 436 3765 coetu
454 3700 646 3766 salutantum
662 3703 850 3788 principem;
873 3727 945 3767 nam
963 3712 1131 3788 postquam
1148 3699 1312 3766 tormentis
1330 3698 1378 3762 di·

344 3795 533 3874 laniabatur,
553 3797 592 3860 de
611 3819 646 3861 se
663 3820 727 3863 non
743 3799 892 3885 infitiatus
910 3799 1051 3864 conscios
1069 3819 1134 3861 uon
1151 3794 1258 3872 edidit,
1277 3793 1377 3858 incer·

344 3901 411 3954 tum
430 3914 470 3954 an
489 3891 659 3957 occultans.
1179 3971 1181 3976 ¹

410 3986 515 4050 Isdem
529 3987 709 4052 considibus
719 3987 756 4052 P.
768 3986 935 4052 Dolabella
949 3987 1071 4052 censuit
1080 3984 1294 4072 spectaculum
1308 3981 1376 4068 gla-

343 4079 498 4144 diatorum
511 4103 568 4165 por
581 4103 689 4147 omnes
704 4105 802 4147 annos
817 4081 1038 4148 celebrandum
1050 4080 1185 4167 pecunia
1198 4100 1307 4144 eorum
1320 4075 1375 4159 qui

342 4182 543 4255 quaesturam
561 4176 815 4261 adipiscerentur.
839 4178 924 4262 apud
942 4177 1074 4242 maiores
1093 4174 1217 4240 virtutis
1234 4172 1268 4236 id
1285 4192 1374 4258 prae·
