2966 4960
262 483 342 529 LXII
384 485 539 527 sermons
557 485 642 527 noros
660 485 795 526 EXEMPLI·
838 483 1041 526 aspernatam
1057 483 1192 526 EXEMPLI.

364 594 522 651 Galliarum
540 596 572 649 Ρ.
585 595 702 652 Vitellio
722 600 752 650 et
766 594 797 650 C.
841 595 941 650 liarum
949 595 982 649 P.
991 593 1108 650 Vitellio
1118 601 1147 649 et
1156 593 1187 649 C.
1195 591 1293 650 Antio.
1313 595 1360 650 Si·

363 663 452 718 Autio
471 662 557 718 Silius
580 669 609 718 et
625 663 746 719 Anteius
770 670 799 720 et
840 664 895 718 lius
905 669 935 718 et
943 662 1087 733 Apronius
1097 669 1126 718 et
1134 661 1259 718 Caecina

364 729 488 787 Caecina

262 817 285 855 c.
295 801 320 855 8.
339 799 799 856 classisAmisiaerelieta-erra-
817 798 1359 868 Classis[Amisiae]relicta-erratum-

363 875 479 940 tumque
488 868 518 922 iu
529 885 563 923 eo
574 869 652 940 qnod
665 886 723 922 non
734 867 799 922 sub·
843 886 898 940 que
916 869 946 922 in
968 884 1002 922 eo
1022 869 1099 938 quod
1117 884 1176 923 non
1195 869 1356 938 [subvexit]

362 937 439 992 vexit
449 937 649 1008 [transposuit]
660 937 776 991 militem
842 936 1015 1018 transposuit
1022 935 1138 990 militem

337 1003 404 1043 *ff*
421 1005 542 1060 Metanti
566 1011 660 1062 castra
682 1003 798 1060 Caesari
815 1005 938 1064 Metantr,
958 1009 1053 1059 castra
1075 1003 1190 1060 Caesari
1207 1004 1356 1077 Ampsiva-

363 1071 595 1144 Angrivariorum

840 1074 945 1128 riorum

262 1160 286 1196 e.
296 1142 337 1197 1L
355 1149 442 1214 atque
468 1141 539 1214 ipsis
560 1139 734 1196 densissimis
756 1138 798 1195 in-
815 1147 901 1214 atque
911 1141 972 1211 ipse
983 1139 1166 1196 densissimos
1176 1140 1342 1213 inrumpens

380 1227 466 1265 ruens

263 1295 286 1332 c.
296 1279 337 1334 13.
356 1280 477 1334 eundem
486 1277 608 1332 animum
617 1277 751 1333 laudibus

247 1353 251 1358 '
263 1347 339 1401 c.14.
357 1346 495 1425 sanguine
506 1345 580 1400 sacri

263 1432 287 1468 c.
296 1416 338 1469 20.
355 1414 555 1484 libritoresque

265 1500 288 1536 e.
297 1483 340 1536 22.
356 1481 542 1551 Angrivarios

264 1568 288 1606 e.
297 1550 339 1604 24.
357 1557 438 1603 vasto
450 1553 502 1617 [et]
510 1548 656 1630 profundo

356 1616 518 1696 Angrivarii

263 1703 288 1739 e.
297 1686 339 1739 26.
356 1686 458 1739 ultioni
469 1684 626 1741 consultum
636 1691 680 1742 est

264 1771 288 1808 o.
297 1755 339 1808 32.
358 1753 441 1807 datae
450 1753 496 1807 his

357 1821 391 1875 L.
401 1821 472 1875 per
482 1827 512 1876 et

264 1889 339 1945 c.33.
358 1895 420 1944 erat
429 1889 722 1963 quippe-promere.

358 1959 410 2013 scd
418 1966 452 2013 ut
460 1960 531 2014 locis

264 2026 340 2082 edi.
357 2027 556 2083 vissinarduo

358 2094 482 2150 Mosteni
491 2102 541 2151 aut
550 2097 722 2152 Macedones

265 2181 289 2219 e.
298 2165 341 2219 49.
360 2165 446 2220 aedes
457 2183 474 2218 a
484 2165 653 2220 Germanico

265 2249 289 2286 e.
298 2233 340 2286 53.
359 2231 504 2286 Tiberium
514 2235 597 2288 tertio

265 2301 341 2356 ebt.
360 2298 607 2372 discesserantque

265 2385 289 2422 o.
299 2369 341 2422 60.
360 2367 487 2422 deiectus
499 2370 569 2438 [est].

264 2453 289 2491 e.
298 2435 340 2490 68.
357 2434 423 2490 inde
435 2435 629 2504 [in],Albanos

228 2535 232 2544 ·
266 2502 520 2560 coarctemus

267 2572 342 2625 c.'l9.
361 2573 494 2626 sextaele
517 2573 589 2628 iouis

265 2656 289 2693 e.
298 2640 340 2694 83.
357 2638 460 2710 inquis
471 2589 613 2696 ccfieretur

481 2761 536 2797 nrs.
544 2761 587 2797 111.

265 2825 288 2863 c.
297 2809 323 2863 3.
340 2807 481 2880 praeferre
490 2810 552 2866 risu

264 2894 289 2931 e.
300 2878 343 2932 21.
361 2877 442 2933 locos
451 2888 475 2932 et
483 2879 620 2950 inligatus

265 2961 288 3000 c.
298 2945 341 3000 22.
360 2962 433 3018 quse
444 2948 522 3002 velut
530 2947 638 3006 reicere

265 3013 340 3068 o.31.
359 3031 425 3076 nam
433 3015 548 3072 biennio

265 3081 341 3137 aaa
359 3083 488 3140 adsidere
497 3086 596 3142 urbem

265 3167 289 3204 c.
298 3149 342 3206 Q.
359 3151 520 3224 frustratus,
529 3162 673 3226 postremo
684 3156 751 3210 risis

265 3236 289 3273 o.
299 3219 342 3274 44.
359 3236 396 3275 an
406 3231 430 3275 et
440 3221 619 3278 Sacrovirum

198 3299 201 3304 ’
265 3303 289 3341 c.
298 3287 341 3342 47.
359 3289 464 3358 turbet,
475 3291 605 3346 omissam
613 3291 711 3346 urbem

743 1975 744 1982 ’
818 1961 868 2015 sed
878 1965 920 2040 ut³
931 1907 1054 2030 potions

815 1279 936 1358 eundem
945 1276 974 1331 in
984 1276 1114 1348 animum,
1124 1270 1259 1332 laudibus

817 1363 953 1418 sanguine
964 1362 1045 1400 sacro

816 1415 1024 1486 libratorosquo

816 1482 1010 1553 Ampsivarios

816 1557 898 1606 vasto
908 1555 937 1605 et
945 1550 1087 1620 profundo

815 1618 988 1689 Ampsivarii

816 1686 919 1742 ultioni
928 1687 1087 1742 consultum
1097 1691 1174 1740 esset

818 1757 901 1811 datae
912 1755 947 1808 iis

816 1823 851 1880 L.
860 1825 927 1878 Piso
939 1828 968 1877 et

819 1893 901 1961 [Erat
910 1891 977 1972 quip
1000 1895 1218 1970 esspromere]

819 2029 899 2084 enisa
907 2045 937 2081 rn
947 2027 1065 2081 arduom

818 2095 941 2151 Mosteni
951 2099 979 2150 et
989 2095 1037 2166 qui
1048 2096 1221 2151 Macedones

774 2187 777 2192 ·
817 2166 904 2220 aedes
916 2164 1084 2220 Germanico

818 2231 964 2288 Tiberium
972 2232 1086 2286 tertium

818 2301 1066 2370 discesseruntque

818 2369 944 2425 deiectus
954 2377 1001 2422 est.

816 2435 884 2492 inde
893 2436 1024 2491 Albanos

817 2507 886 2560 tabo
897 2504 979 2560 obliti

817 2579 914 2628 sertae
923 2571 1085 2643 legionibus

818 2641 921 2712 inquis
932 2643 1094 2696 colerentur

839 2811 1016 2868 erferrevisn

817 2830 907 2950 iocos,
917 2880 1053 2951 inligatus

836 2965 891 3004 uae
901 2949 979 3003 velut
986 2948 1097 3004 nescire

846 3035 890 3072 am
900 3017 1021 3071 triennio

818 3084 944 3141 obsideri
953 3086 1052 3140 urbem

817 3152 971 3208 frustratus
979 3158 1134 3233 postremo,
1144 3152 1211 3208 visis

817 3220 864 3275 An
874 3221 1053 3277 Secromrum
1155 3261 1159 3268 ·

817 3291 922 3345 turbet.
984 3289 1089 3345 omissa
1098 3289 1170 3344 urbe

214 3376 216 3380 ·
265 3353 341 3410 ebo.
358 3371 455 3409 verum
468 3356 541 3412 haec
554 3359 638 3414 nobis
653 3359 798 3429 [maiores]
816 3359 924 3415 Verum
941 3358 1014 3412 haee
1031 3376 1095 3423 noa·
1117 3357 1202 3414 nobis
1219 3357 1354 3414 maiores:

384 3423 538 3478 certamina

264 3488 340 3543 eoo.
358 3487 547 3558 impediretur.
565 3494 677 3548 duobus
687 3500 716 3549 et

265 3574 289 3611 c.
299 3557 341 3610 62.
359 3555 456 3627 Cyprii
465 3559 556 3615 tribus
566 3561 692 3616 delubris

264 3642 289 3679 c.
298 3625 340 3680 66.
357 3624 524 3682 Bruttedius

844 3426 997 3480 certamina

818 3493 1006 3563 impediretur.
1026 3492 1157 3564 Quinque
1167 3499 1197 3548 et

818 3559 915 3632 Cyprii
925 3562 1015 3616 tribus
1025 3564 1056 3615 de
1065 3561 1191 3616 delubris

817 3629 974 3684 Bruttidius

359 3694 436 3750 ausis
450 3697 521 3751 ultro
535 3696 691 3768 polluebat.
717 3697 799 3755 Brut·
817 3698 894 3752 ausis
903 3696 1101 3769 provolvebat.
1118 3695 1289 3753 Bruttidium

382 3763 490 3818 tedium

266 3847 289 3885 c.
299 3831 340 3886 68.
359 3832 683 3913 quippetaliaparents
694 3835 782 3906 geniti
819 3832 1130 3914 [quippsaliaparente
1140 3833 1240 3904 geniti]
1367 3877 1374 3888 .

265 3915 289 3952 c.
299 3899 339 3952 tl.
359 3909 491 3981 quotiens
508 3922 561 3957 non
577 3903 746 3959 valitudo-
769 3909 801 3958 ut
818 3908 950 3978 quotiens
968 3901 1096 3956 valrtudo
1110 3931 1145 3944 -
1158 3910 1198 3958 ut.
1261 3906 1354 3975 ponti-

383 3969 527 4038 pontificis

264 4153 287 4191 c.
296 4137 322 4191 3.
340 4091 684 4212 adferebaiiss'il'quiavi

264 4222 287 4260 c.
297 4203 322 4260 5.
340 4205 408 4260 litus
416 4213 556 4264 rostratae
565 4227 653 4264 nares

843 3966 905 4023 ficis

817 4140 995 4211 adserebant,
1006 4143 1073 4216 quia
1082 4143 1109 4198 vi

816 4210 884 4304 litps
894 4215 1054 4267 constratae
1064 4227 1152 4269 naves
1164 4217 1167 4226 '
