2960 4962
399 417 604 474 ansanum
622 417 760 474 LIB.1v.
777 383 898 474 ιι-ιο,
1101 412 1164 477 143

129 509 253 560 p.Ch.26·
302 523 318 560 ς

129 576 316 665 negaretur,
339 576 424 641 unde
446 574 533 639 exitii
555 597 651 639 causa
671 575 778 640 multis
800 574 861 640 fuit
881 597 1047 663 properum
1068 581 1163 647 {inem

129 675 216 738 vitae
235 668 484 737 coniectantibus
506 668 785 755 vulgantibusque3
806 691 909 754 neque
930 673 1014 738 enim
1035 684 1100 740 tam
1116 677 1164 740 in-

129 767 317 834 credibilem
329 787 439 830 casum
448 763 662 850 providebant,
676 773 712 829 ut
724 764 871 830 undecim
882 785 940 851 per
951 789 1050 834 annos
1063 768 1163 836 libens

129 861 236 948 patria
254 868 382 926 careret.
412 880 488 923 mox
504 858 605 944 patuit
622 857 718 924 breve
739 858 907 924 confinium
930 861 1006 926 artis
1028 870 1060 926 et
1080 863 1163 940 falsi,

128 978 273 1040 veraque
290 973 387 1039 quam
405 952 547 1018 obscuris
560 961 754 1038 tegmentum
770 975 845 1018 nam
862 953 896 1018 in
908 953 1019 1020 urbem
1035 978 1099 1022 non
1115 979 1165 1022 re-

130 1072 319 1138 gressurum
330 1047 417 1112 haud
431 1047 511 1114 forte
523 1047 656 1112 dictum·
673 1056 848 1112 ceterorum
858 1048 959 1115 nescii
971 1071 1074 1136 egere,
1093 1072 1164 1116 cum

130 1145 313 1232 propinquo
333 1163 406 1208 rure
422 1151 478 1206 aut
498 1141 589 1207 litore
606 1151 638 1206 et
656 1163 751 1228 saepe
771 1143 897 1210 moenia
912 1143 1000 1210 urbis
1017 1145 1164 1210 adridens

132 1249 309 1306 extremam
327 1245 487 1304 senectam
503 1235 716 1321 compleverit

198 1332 252 1398 Ac
272 1332 355 1397 forte
375 1331 438 1396 illis
460 1330 571 1397 diebus
594 1329 734 1396 oblatum
752 1329 884 1396 Caesari
905 1353 1021 1419 auceps
1042 1335 1164 1420 pericu-
1183 1357 1215 1405 59

132 1429 201 1493 lum
226 1426 315 1492 auxit
340 1447 422 1490 vana
447 1425 580 1490 rumoris
606 1425 847 1510 praebuitque
837 1427 898 1512 rpsi
922 1429 1084 1494 materiem
1110 1452 1166 1494 cur

134 1520 291 1586 amicitiae
313 1519 568 1603 constantiaeque
591 1517 699 1586 Seiani
720 1520 822 1606 magis
843 1521 962 1587 fideret.
993 1523 1165 1590 vesceban-

135 1627 184 1682 tur
199 1615 235 1680 in
255 1614 332 1680 villa
354 1614 405 1678 oui
426 1613 615 1680 vocabulum
634 1611 825 1700 Speluncae,
847 1638 936 1680 mare
950 1615 1164 1684 Amuclauum

133 1711 214 1775 inter
231 1722 260 1776 ct
268 1709 449 1774 Fundanos
468 1717 612 1786 montes,
623 1709 756 1774 nativo
746 1733 780 1774 ιιι
798 1731 907 1795 specu3
926 1713 994 1778 eins
1012 1736 1048 1779 os
1065 1713 1163 1799 lapsis

132 1814 262 1892 repente
288 1804 374 1870 saxis
400 1803 504 1869 obruit
528 1804 688 1914 quosdam
708 1804 882 1884 ministros3
907 1807 981 1873 hinc
1006 1810 1165 1873 metusin

133 1921 242 1965 omnes
261 1907 294 1963 et
309 1898 389 1985 fuga
406 1920 514 1964 eorum
527 1898 582 1981 qui
599 1899 778 1964 convivium
796 1855 1009 1966 celebrabant.
1029 1899 1164 1966 Seianus

133 2017 218 2080 genn
234 1993 388 2076 vultuque
406 2001 439 2056 et
454 1991 600 2058 manibus
619 2014 714 2078 super
728 1991 899 2058 Caesarem
917 2015 1090 2078 suspensus
1109 2016 1164 2079 op-

132 2088 238 2174 posuit
260 2109 332 2152 sese
352 2085 561 2151 incidentibus
583 2095 678 2170 atque
699 2085 810 2151 babitu
835 2085 890 2151 tali
910 2097 1053 2172 repertus
1076 2098 1125 2152 est
1146 2111 1166 2152 a

132 2182 284 2249 militibus
307 2180 363 2264 qui
385 2179 526 2245 subsidio
547 2189 706 2246 venerant
738 2179 838 2246 maior
859 2202 900 2245 ex
922 2203 975 2260 eo;
1001 2191 1034 2246 et
1055 2203 1166 2265 quam-

133 2298 228 2360 quem
245 2275 381 2340 exitiosa
397 2275 556 2352 suaderet,
578 2284 615 2340 ut
630 2297 695 2340 non
713 2275 763 2340 sui
784 2275 912 2353 anxius,
935 2296 1007 2340 cum
1029 2276 1091 2340 fide
1109 2299 1165 2340 au-

134 2370 291 2448 diebatur;
323 2367 593 2452 adsimulabatque
618 2369 731 2434 iudicis
756 2379 862 2455 partes
888 2369 1058 2436 adversum
1084 2367 1164 2436 Ger-

133 2465 247 2531 manici
257 2464 396 2549 stirpem,
407 2462 541 2528 subditis
549 2463 604 2546 qui
613 2472 830 2530 accusatorum
839 2465 967 2530 nomina
975 2466 1164 2531 sustinerent

133 2559 333 2642 maximeque
349 2557 576 2622 insectarentur
591 2557 757 2637 Neronem,
775 2559 953 2645 proximum
971 2559 1165 2626 successioni

133 2663 175 2731 et,
202 2672 398 2738 quamquam
418 2651 561 2717 modesta
586 2651 727 2730 iuventa,
754 2653 938 2738 plerumque
960 2664 1065 2720 tamen
1087 2655 1164 2738 quid

132 2748 164 2812 in
188 2746 440 2832 praesentiamm
465 2745 654 2816 conduceret
679 2745 825 2824 oblitum,
852 2748 928 2812 dum
950 2772 969 2812 a
990 2747 1109 2814 libertis
1132 2757 1164 2812 et

132 2840 314 2917 clientibus,
337 2839 525 2925 apiscendae
542 2840 699 2925 potentiae
716 2841 872 2927 properis,
894 2841 1113 2906 exstimulatur
1128 2851 1165 2905 ut

132 2945 272 3000 erectum
296 2942 327 2998 et
349 2933 498 2998 fidentem
519 2933 617 2998 animi
637 2935 829 3012 ostenderet:
855 2934 936 3000 velle
958 2934 992 3020 id
1012 2934 1165 3019 populum

131 3029 328 3106 Romanum,
347 3049 461 3113 cupere
478 3028 643 3106 exercitus,
662 3049 765 3110 neque
782 3049 933 3091 ausurum
950 3036 1058 3091 contra
1076 3025 1166 3091 Seia-

131 3147 217 3201 num,
237 3122 294 3207 qui
310 3143 395 3187 nunc
407 3121 590 3207 patientiam
605 3122 689 3188 senis
707 3130 739 3185 et
757 3120 924 3206 segnitiam
940 3120 1063 3185 iuvenis
1076 3120 1165 3184 iuxta

132 3219 271 3284 insultet.
302 3217 382 3281 haec
407 3225 502 3300 atque
527 3218 602 3282 talia
628 3215 768 3282 audienti
792 3215 870 3279 nihil
895 3215 1023 3299 quidem
1047 3233 1163 3301 pravae
1183 3234 1216 3284 eo

133 3311 347 3400 cogitationis,
370 3311 427 3376 sed
448 3311 606 3376 interdum
624 3333 717 3376 voces
738 3308 943 3397 procidebant
965 3319 1164 3376 contumaees

134 3415 164 3470 et
180 3405 391 3483 inconsultae,
414 3427 495 3490 quas
511 3391 647 3491 adpositi
664 3406 811 3472 custodes
829 3415 976 3492 exceptas
994 3415 1165 3490 auctasque

134 3521 206 3564 cum
225 3499 397 3577 deferrent,
418 3521 527 3582 neque
538 3499 656 3565 Neroni
673 3500 853 3566 defendere
859 3501 1008 3579 daretur,
1022 3502 1165 3566 diversae

133 3593 264 3679 insuper
289 3593 532 3658 sollicitudinum
553 3593 675 3659 formae
696 3595 888 3663 oriebantur:
914 3617 990 3661 nam
1009 3595 1090 3660 alius
1113 3615 1166 3660 oo-

57 3759 67 3774 ,
134 3709 263 3753 cursum
271 3686 340 3752 eius
348 3687 461 3766 vitare3
475 3688 603 3772 quidam
612 3688 798 3754 salutatione
806 3689 929 3754 reddita
937 3689 1043 3754 statim
1053 3687 1165 3763 averti3

132 3782 275 3867 plerique
287 3781 448 3866 inceptum
463 3804 639 3847 sermonem
651 3779 849 3869 abrumpere,
862 3781 1078 3847 insistentibus
1092 3800 1166 3843 cou-

134 3887 181 3942 trc
196 3875 469 3960 inridentibusque
486 3878 541 3960 qui
555 3875 671 3943 Seiano
688 3878 827 3943 fautores
846 3877 984 3940 aderant.
1007 3873 1166 3939 enimvero

134 3970 282 4036 Tiberius
300 3979 409 4036 torvus
427 3981 485 4036 aut
499 3971 615 4037 falsum
632 3972 778 4036 renidens
793 3969 882 4034 vultu
887 3993 896 4046 ;
915 3988 972 4034 seu
989 3967 1166 4051 loqueretur

134 4087 191 4129 seu
207 4073 327 4130 taceret
344 4064 482 4143 iuvenis,
505 4066 629 4140 crimen
640 4087 680 4130 cx
703 4063 840 4139 silentio,
864 4083 904 4128 ex
925 4083 1003 4129 voce
1009 4087 1018 4138 ;
1040 4083 1081 4126 ne
1101 4083 1165 4126 nox

134 4160 262 4244 quidem
281 4182 407 4238 secura,
426 4183 498 4226 oum
515 4182 596 4225 uxor
613 4158 747 4246 vigilias,
766 4180 903 4237 somnos,
924 4157 1057 4243 suspiria
1074 4157 1165 4223 matri
