3020 4958
402 441 610 502 ANNALIUM
627 443 702 499 LIB.
716 445 795 504 XIV.
814 447 934 503 24—29.
1114 439 1176 504 267

150 535 311 584 amma

150 613 179 668 et
196 602 401 688 praesidium,
419 601 505 666 mille
517 601 689 688 legionarii,
708 611 771 669 tres
785 603 941 670 sociorum
959 605 1101 672 cohortes
1119 609 1178 673 du·

150 719 248 781 aeque
267 696 409 779 equitum
426 695 508 773 alae,
526 717 589 780 quo
606 695 729 762 facilius
746 720 864 762 novum
880 721 1014 785 regnum
1031 711 1177 768 tueretur.

149 813 221 876 pars
238 788 422 866 Armeniae,
441 799 476 854 ut
493 789 605 873 cuique
623 789 768 868 finitima,
786 791 991 858 Pharasmani
1008 794 1191 861 Polemoni·

149 907 209 968 que
228 893 261 948 et
273 882 459 948 Aristobulo
473 893 567 967 atque
579 883 740 951 Antiocho
752 908 861 972 parere
874 888 979 954 iussae
993 898 1080 954 sunt:
1100 889 1179 956 Cor·

149 979 223 1044 bulo
246 979 281 1042 in
300 976 425 1064 Syriam
447 976 613 1056 abscessit,
636 990 735 1044 morte
753 980 907 1046 Ummidii
928 982 1025 1070 legati
1046 1005 1179 1061 vacuam

150 1097 186 1138 ac
205 1073 267 1137 sibi
284 1073 481 1158 permissam.

212 1167 337 1231 Eodem
351 1189 432 1232 anno
447 1187 486 1231 ex
498 1158 682 1234 inlustribus
692 1169 790 1236 Asiae
804 1170 933 1238 urbibus
943 1171 1105 1238 Laodicea
1118 1181 1179 1237 tre·
1197 1193 1228 1242 27

147 1283 235 1326 more
254 1271 354 1325 terrae
371 1260 526 1345 prolapsa,
545 1261 631 1328 nullo
650 1287 670 1326 a
687 1263 778 1330 nobis
796 1266 943 1344 remedio,
962 1267 1094 1352 propriis
1112 1267 1179 1352 opi-

147 1354 208 1420 bus
225 1354 373 1432 revaluit3
396 1364 428 1420 at
444 1355 478 1419 in
494 1355 586 1422 Italia
603 1365 694 1422 vetus
717 1358 867 1444 oppidum
885 1358 1010 1425 Puteoli
1027 1361 1076 1426 ius
1095 1361 1179 1428 colo-

146 1451 218 1514 niae
238 1458 268 1513 et
291 1459 534 1534 cognomentum
556 1449 717 1518 aNerone
739 1452 929 1538 apiscuntur.
957 1455 1096 1519 veterani
1114 1455 1178 1520 Ta-

146 1553 271 1607 rentum
290 1552 321 1607 et
333 1541 466 1608 Antium
484 1544 632 1630 adscripti
649 1549 834 1612 nontamen
851 1546 1077 1632 infrequentiae
1093 1549 1178 1616 loco-

146 1660 217 1702 rum
236 1634 424 1714 subvenere,
447 1637 576 1723 dilapsis
598 1639 740 1724 pluribus
758 1642 792 1706 in
812 1643 989 1727 provincias
1011 1643 1045 1708 in
1062 1644 1176 1728 quibus

147 1731 305 1816 stipendia
321 1731 536 1816 expleverant3
559 1753 661 1816 neque
679 1735 831 1822 coniugiis
850 1737 1056 1822 suscipiendis
1075 1759 1177 1822 neque

146 1825 268 1890 alendis
289 1824 396 1890 liberis
419 1825 500 1891 sueti
522 1826 615 1892 orbas
638 1827 705 1892 sine
726 1831 860 1915 posteris
886 1831 997 1896 domos
1023 1829 1178 1915 relinque·

147 1919 239 1984 bantr
260 1941 325 1984 non
347 1919 444 1996 enim,
467 1929 503 1985 ut
525 1920 613 1999 olim,
636 1922 800 1988 universae
821 1923 961 2009 legiones
979 1923 1178 1989 deduceban-

147 2029 288 2079 turcum
310 2013 444 2079 tribunis
462 2024 494 2080 et
515 2015 748 2082 centurionibus
767 2026 798 2082 et
816 2019 865 2083 sui
886 2017 1038 2101 cuiusque
1060 2018 1177 2082 ordinis

146 2109 309 2186 militibus,
327 2117 363 2172 ut
380 2130 536 2175 consensu
554 2119 585 2174 et
603 2110 731 2176 caritate
748 2133 815 2175 rem
831 2111 990 2196 publicam
1008 2111 1176 2188 efficerent,

147 2204 205 2268 sed
225 2203 326 2289 ignoti
342 2203 423 2268 inter
440 2225 489 2282 se,
512 2204 645 2270 diversis
668 2205 849 2290 manipulis,
870 2205 937 2271 sinc
953 2215 1087 2283 rectore,
1111 2206 1178 2272 sine

146 2296 315 2362 affectibus
333 2297 459 2374 mutuis,
478 2298 569 2382 quasi
587 2320 627 2363 ex
645 2298 706 2363 alio
724 2321 838 2385 genere
856 2299 1033 2366 mortalium
1051 2309 1178 2385 repente

146 2392 178 2454 in
196 2413 295 2456 unum
316 2390 451 2469 collecti,
470 2413 618 2457 numerus
636 2393 739 2479 magis
758 2415 852 2476 quam
871 2392 1001 2460 colonia.

211 2482 350 2551 Comitia
366 2493 544 2570 praetorum
557 2485 683 2552 arbitrio
702 2497 829 2553 senatus
846 2486 955 2554 haberi
974 2487 1074 2566 solita,
1093 2491 1179 2572 quod
1195 2509 1227 2560 28

146 2579 265 2644 acriore
288 2577 408 2644 ambitu
430 2590 624 2658 exarserant,
651 2581 796 2668 princeps
818 2583 1007 2669 composuit,
1031 2583 1101 2661 tris,
1124 2583 1178 2668 qui

146 2695 242 2759 supra
263 2695 429 2738 numerum
450 2673 613 2760 petebant,
640 2675 756 2761 legioni
777 2677 1001 2762 praeficiendo;
1027 2679 1176 2762 auxitque

145 2780 271 2852 patrum
288 2766 439 2834 honorem
457 2769 622 2834 statuendo
639 2780 687 2847 ut,
706 2770 761 2854 qui
779 2795 798 2835 a
814 2772 944 2857 privatis
961 2772 1118 2838 iudicibus
1136 2771 1178 2836 ad

146 2873 291 2926 senatum
313 2862 585 2946 provocavissent,
608 2863 749 2928 eiusdem
771 2865 922 2948 pecuniae
939 2864 1112 2948 periculum
1129 2864 1178 2928 fa

145 2964 252 3020 carent
274 2955 363 3020 cuius
386 2956 409 3020 ii
430 2956 485 3042 qui
510 2956 730 3042 imperatorem
752 2957 964 3041 appellavere:
989 2980 1063 3021 nam
1086 2967 1178 3020 antea

144 3072 281 3114 vacuum
299 3049 333 3113 id
350 3051 549 3135 solutumque
566 3073 669 3137 poena
685 3051 797 3116 fuerat.
819 3050 881 3115 fine
900 3050 973 3114 anni
985 3049 1099 3114 Vibius
1120 3048 1178 3114 Se-

144 3143 284 3220 cundus,
304 3164 400 3226 eques
418 3144 592 3222 Romanus,
611 3143 832 3210 accusantibus
851 3143 973 3208 Mauris
990 3140 1178 3228 repetunda-

143 3259 216 3300 rum
234 3237 400 3302 damnatur
412 3248 507 3322 atque
519 3239 613 3304 Italia
630 3239 774 3326 exigitur,
794 3261 834 3304 ne
851 3238 994 3325 graviore
1012 3258 1114 3323 poena
1131 3236 1179 3302 af-

145 3331 304 3410 ficeretur,
323 3331 412 3398 Vibii
430 3332 536 3418 Crispi
553 3333 658 3400 fratris
676 3333 789 3418 opibus
808 3333 925 3399 enisus.

211 3425 368 3494 Cassoruo
383 3427 491 3494 Puero
505 3438 536 3492 et
548 3428 704 3496 Parsoruo
714 3427 898 3495 Transeo
912 3427 1093 3496 concidibus
1107 3451 1178 3516 gra-
1196 3449 1227 3496 29

144 3519 193 3584 vis
217 3519 324 3586 clades
345 3521 379 3584 in
395 3520 560 3586 Britannia
581 3533 723 3608 accepta,
744 3523 779 3588 in
796 3545 859 3607 qua
879 3543 982 3608 neque
1000 3525 1040 3589 A.
1058 3523 1177 3588 Didius

143 3612 284 3698 legatus,
307 3624 343 3678 ut
364 3616 549 3692 memoravi,
572 3616 634 3681 nisi
650 3627 740 3702 parta
756 3619 939 3694 retinuerat,
963 3627 994 3682 et
1016 3637 1178 3681 successor

144 3705 303 3792 Veranius
321 3709 453 3774 modicis
468 3709 652 3776 excursibus
667 3709 789 3776 Siluras
806 3709 985 3796 populatus,
1003 3709 1080 3791 quin
1097 3707 1179 3772 ultra

143 3799 263 3864 bellurn
281 3801 448 3887 proferret,
467 3812 565 3868 morte
582 3804 757 3889 prohibitus
776 3814 834 3880 est,
853 3823 977 3887 magna,
995 3801 1071 3864 dum
1089 3799 1176 3876 vixit,

144 3895 321 3962 severitatis
334 3896 430 3976 sama,
446 3899 600 3982 supremis
613 3896 792 3964 testamenti
801 3894 906 3960 verbis
920 3892 1098 3958 ambitionis
1112 3913 1178 3956 ma-

142 3989 293 4055 nifestus:
311 3991 429 4077 qnippe
442 3990 541 4057 multa
552 3992 586 4056 in
597 3991 755 4058 Neronem
772 3988 949 4054 adulatione
967 3986 1087 4050 addidit
1104 3984 1179 4052 sub-

142 4082 300 4148 iecturum
317 4084 347 4148 ei
363 4085 556 4170 provinciam
568 4084 678 4162 fuisse,
697 4083 725 4148 si
742 4082 868 4148 biennio
880 4079 1023 4166 proximo
1037 4079 1176 4146 vixisset.

143 4177 201 4242 sed
219 4187 288 4244 tum
305 4178 459 4246 Paulinus
479 4178 650 4247 Suetonius
669 4176 830 4244 obtinebat
846 4175 1029 4254 Britannos,
1048 4175 1178 4248 scientia
