2958 4960
394 447 601 506 Annamuu
618 448 743 502 nuau.
761 451 879 506 ar-er.
1103 443 1147 510 ὁὸ

125 543 200 598 pCir.
212 545 242 584 lt.

124 614 242 678 tionem
259 618 387 674 senatus
405 607 520 692 poseit3
543 615 574 670 et
591 615 742 672 vocantur
758 618 876 693 patres,
900 611 1004 678 addito
1022 612 1146 678 amul.

123 707 255 773 tandum
272 725 365 789 super
382 725 416 768 re
434 725 549 787 magna
566 712 597 765 et
613 702 719 766 atroci.

188 797 294 864 Libo
285 797 409 862 mterim
422 805 509 862 veste
524 804 643 860 mutata
655 817 728 860 cum
739 797 928 883 prirnoribus
944 798 1114 866 feminis
1087 823 1147 866 crr-
1163 819 1196 869 aa

122 896 241 960 cumire
264 895 389 971 domos,
416 913 503 957 orare
525 890 658 969 adfines,
685 913 796 958 vocem
817 893 984 960 adversm
1010 895 1172 980 pericula
1214 939 1222 960 .

122 1011 267 1075 poscere,
285 987 493 1054 abnuentibus
511 985 645 1062 eunctis,
666 1008 740 1050 cum
757 985 882 1054 diversa
898 990 1145 1074 praetenderent,

122 1083 233 1148 eadem
250 1081 427 1148 formidine.
454 1079 504 1144 die
523 1090 648 1146 senatus
666 1091 751 1145 metu
768 1091 800 1146 et
816 1083 1010 1168 aegritudine
1032 1082 1146 1160 fessus,

123 1177 199 1255 sive,
217 1187 252 1242 ut
268 1177 425 1242 tradidere
442 1175 578 1259 quidm,
597 1174 742 1241 simulato
758 1175 879 1254 morbo,
897 1177 1007 1244 lectica
1024 1177 1146 1244 delatus

122 1271 162 1336 ad
187 1271 271 1336 fores
298 1271 404 1336 curiae
424 1269 607 1351 innisusque
628 1269 717 1334 fratri
739 1279 771 1335 et
795 1293 908 1338 manus
930 1295 967 1338 ae
989 1270 1146 1357 supplices

123 1387 216 1430 voces
237 1365 279 1430 ad
297 1364 460 1430 Tiberium
482 1364 612 1427 tendens
633 1363 763 1429 immoto
783 1365 851 1430 eius
874 1365 963 1430 vultu
980 1365 1146 1451 excipitur3

123 1481 196 1524 mox
216 1458 341 1524 libellos
360 1468 391 1522 et
412 1466 555 1522 auctores
576 1457 685 1522 recitat
703 1456 835 1536 Caesar,
857 1460 902 1525 ita
922 1461 1088 1526 moderans
1106 1479 1146 1522 ne

123 1553 217 1618 lenire
230 1575 312 1620 neve
325 1573 471 1638 asperare
484 1551 613 1616 crimina
625 1552 791 1618 videretur.
814 1565 1010 1620 accesserant
1022 1563 1145 1640 praeter
1163 1571 1197 1619 ³0

124 1647 270 1713 Trionem
284 1656 317 1712 et
331 1645 447 1712 Catum
460 1655 656 1711 recusatores
668 1646 819 1712 Fonteius
833 1647 979 1735 Agrippa
991 1659 1023 1714 et
1035 1647 1074 1714 G.
1088 1646 1146 1710 Vi-

124 1741 205 1820 bius,
231 1741 470 1825 certabantque,
496 1741 548 1805 cui
573 1741 623 1806 ius
648 1743 814 1826 perorandi
838 1745 872 1808 in
894 1766 983 1809 reum
1009 1745 1143 1819 daretur,

124 1835 219 1901 donec
236 1835 367 1912 Vibius,
391 1835 465 1918 quia
481 1856 540 1899 nec
555 1835 617 1920 ipsi
637 1835 718 1900 inter
735 1859 769 1900 se
787 1839 992 1902 concederent
1012 1848 1045 1902 et
1060 1835 1145 1901 Libo

125 1929 187 1994 sine
202 1941 337 2015 patrono
354 1929 527 2005 introisset,
550 1928 730 2014 singillatim
748 1953 783 1995 se
800 1931 930 1996 crimina
950 1930 1145 1996 obiecturum

124 2024 298 2106 professus,
325 2021 595 2110 protulitlibellos
617 2025 786 2090 vaecordes
809 2026 902 2101 adeo,
929 2034 965 2088 ut
990 2024 1146 2088 consulta-
1192 2019 1198 2030 '

125 2118 200 2182 verit
219 2117 308 2183 Libo
334 2140 375 2182 an
400 2115 563 2182 habiturus
584 2117 664 2183 foret
686 2141 777 2202 opes,
805 2119 875 2201 quis
901 2117 985 2182 viam
1006 2115 1146 2201 Appiam

124 2209 324 2278 Brundisium
344 2233 442 2296 usque
458 2211 591 2297 pecunia
608 2213 751 2297 operiret.
773 2213 895 2278 inerant
912 2223 943 2278 et
960 2212 1021 2276 alia
1038 2210 1146 2276 huius»

125 2307 253 2383 eamodi,
284 2305 411 2382 stolida,
437 2328 532 2383 vana,
560 2307 587 2372 si
607 2307 730 2372 mollius
758 2307 924 2394 acciperes,
952 2306 1142 2384 miseranda3

125 2399 174 2463 uni
201 2411 309 2466 tamen
339 2399 444 2465 libello
475 2423 570 2465 manu
594 2400 728 2466 Libonis
760 2400 938 2490 nominibus
966 2401 1140 2468 Caesarum

125 2504 174 2558 aut
185 2503 367 2560 senatorum
381 2495 502 2560 additas
521 2503 640 2560 atroces
654 2495 706 2560 vel
718 2496 855 2562 occultas
872 2506 962 2562 notas
981 2505 1143 2562 accusator

125 2588 285 2674 arguebat;
303 2598 439 2675 negante
455 2611 524 2666 reo,
549 2589 775 2676 adgnoscentes
794 2613 901 2656 servos
915 2613 975 2677 per
992 2595 1145 2656 tormenta

125 2681 302 2769 interrogari
314 2683 441 2768 placuit,
457 2692 488 2747 et
501 2684 576 2766 quia
588 2693 693 2748 vetere
706 2695 833 2750 senatus
846 2685 989 2751 consulto
1002 2684 1144 2769 quaestio

125 2774 263 2862 incaput
280 2777 399 2841 domini
416 2776 648 2862 prohibebatur,
667 2779 797 2844 callidus
816 2789 849 2844 et
863 2780 938 2844 novi
950 2780 1026 2844 iuris
1039 2799 1145 2864 reper-

125 2877 167 2934 tor
182 2871 332 2938 Tiberius
349 2872 520 2957 mancipari
537 2873 678 2982 singulos
702 2874 799 2939 actori
816 2873 943 2959 publico
960 2874 1061 2950 iubet,
1084 2873 1144 2937 sci-

126 2962 189 3029 licet
205 2975 242 3030 ut
260 2965 293 3029 in
306 2965 464 3030 Libonem
477 2989 517 3032 ex
532 2967 631 3032 servis
645 2968 733 3032 salvo
748 2978 875 3032 senatus
888 2968 1031 3032 consulto
1048 2989 1143 3049 quae-

126 3070 245 3124 reretur.
274 3058 316 3124 ob
337 3081 419 3143 quae
440 3069 601 3144 posterum
623 3061 706 3126 diem
727 3083 800 3125 reus
822 3060 933 3145 petivit
954 3060 1144 3154 domumque

126 3151 281 3238 digressus
299 3165 454 3226 extremas
471 3177 581 3241 preces
598 3155 637 3222 P
653 3155 807 3240 Quirinio,
825 3154 1000 3240 propinquo
1018 3173 1085 3229 suo,
1104 3153 1145 3216 ad

125 3248 291 3334 principem
313 3249 486 3316 mandavit·
507 3272 695 3336 responsum
717 3259 766 3315 est
788 3259 823 3313 ut
845 3257 987 3314 senatum
1009 3255 1143 3333 rogaret.

127 3340 328 3428 cingebatur
319 3342 442 3408 interim
463 3345 560 3410 milite
578 3346 706 3423 domus,
729 3343 909 3429 strepebant
931 3343 1024 3408 etiam
1041 3343 1075 3408 in
1091 3364 1145 3408 ve-
1163 3365 1191 3412 31

127 3435 248 3514 stibulo,
267 3446 304 3501 ut
320 3437 430 3515 audiri,
449 3448 484 3502 ut
501 3440 601 3524 aspici
618 3448 757 3525 possent,
776 3461 849 3503 cum
865 3437 951 3504 Libo
968 3437 1048 3523 ipsis
1064 3457 1143 3522 quas

126 3525 154 3590 in
171 3531 377 3596 novissimam
398 3532 591 3617 voluptatem
618 3533 804 3598 adhibuerat
824 3533 924 3619 epulis
948 3534 1143 3598 excruciatus

126 3641 229 3688 vocare
247 3646 479 3710 percussorem,
497 3648 646 3711 prensare
664 3650 825 3693 servorum
843 3629 984 3704 dextras,
1007 3628 1144 3692 inserere

127 3715 257 3798 gladium
263 3743 273 3797 ;
292 3727 386 3802 atque
402 3720 474 3798 illis,
493 3721 569 3786 dum
586 3721 751 3807 trepidant,
771 3723 847 3787 dum
864 3721 1038 3806 refugiunt,
1057 3741 1144 3783 ever-

127 3811 255 3878 tentibus
273 3812 452 3898 adpositum
469 3837 578 3880 mensa
594 3816 714 3892 lumen,
732 3815 882 3880 feralibus
900 3813 963 3878 iam
981 3811 1041 3877 sibi
1059 3820 1144 3874 tene-

127 3899 180 3970 bris
198 3906 281 3971 ducs
298 3906 379 3973 ictus
396 3909 430 3972 in
452 3909 572 3976 viscera
593 3910 720 3988 direxit3
742 3910 783 3974 ad
804 3908 956 3994 gemitum
978 3903 1145 3970 conlaben-

127 3995 338 4064 tisadeurrere
351 4001 466 4081 liberti3
485 4013 517 4068 et
534 4005 712 4069 caede'visa
724 4003 814 4067 miles
834 4000 962 4066 abstitit.
986 3998 1143 4064 accusatio

128 4096 223 4158 tamen
240 4095 326 4178 apud
343 4104 447 4180 patres
469 4098 705 4163 adseveratione
727 4097 836 4161 eadem
854 4103 993 4180 peracta,
1016 4094 1143 4160 iuravit-

126 4202 177 4266 que
200 4187 348 4253 Tiberius
376 4191 543 4275 petiturum
570 4215 605 4258 se
630 4191 728 4256 vitam
750 4190 893 4274 quamvis
919 4187 1056 4268 nocenti,
1082 4189 1143 4254 nisi
