3020 4958
371 463 374 471 .
425 411 632 475 lxunnluu
650 415 724 472 LIB.
738 419 816 476 XIV.
836 419 922 475 3-6.
1086 471 1091 482 ,
1119 409 1182 476 257

156 511 275 563 aenos.

155 581 188 644 id
205 579 300 644 villae
318 597 434 640 nomen
452 585 500 640 est
517 597 598 660 quae
614 577 861 662 promontorium
879 575 1039 642 Misenum
1056 579 1137 644 inter
1154 590 1185 646 et

155 675 313 738 Baianum
330 671 435 734 lacum
452 669 534 734 flexo
556 670 636 734 mari
653 669 790 735 alluitur:
815 669 918 736 stabat
939 671 1019 736 inter
1036 673 1112 739 alias
1130 698 1185 740 na·

155 768 204 834 vis
227 764 378 841 ornatior,
401 773 562 846 tamquam
583 764 616 828 id
638 786 762 848 quoque
784 763 894 829 honori
915 765 1023 830 matris
1045 768 1183 845 daretur3

154 861 272 945 quippe
291 867 436 922 sueverat
458 857 575 921 triremi
591 867 623 922 et
640 857 869 922 classiariorum
890 859 1021 944 remigio
1039 860 1126 938 vehi;
1148 885 1185 927 ac

155 965 222 1018 tum
243 952 376 1016 invitata
398 951 439 1014 ad
465 951 573 1035 epulas
595 959 675 1028 erat,
701 961 737 1016 ut
759 949 943 1016 occultando
969 951 1101 1020 facinori
1122 977 1186 1019 nox

154 1045 365 1111 adhiberetur.
389 1043 465 1108 satis
483 1043 623 1108 constitit
639 1045 780 1110 extitisse
797 1045 1000 1130 pmditorem,
1020 1057 1051 1111 et
1067 1046 1186 1135 Agrip-

153 1141 262 1226 pinam
280 1137 394 1202 auditis
412 1137 547 1217 insidiis,
572 1161 613 1203 an
630 1140 770 1203 erederet
791 1138 987 1226 ambiguam,
1011 1141 1185 1226 gestamine

154 1233 251 1299 sellae
269 1231 367 1296 Baias
384 1242 573 1317 pervectam.
601 1231 645 1296 ibi
662 1231 908 1298 blandimentum
927 1233 1103 1299 sublevavit
1119 1257 1185 1300 me-

153 1339 238 1391 tum:
258 1326 387 1391 comiter
405 1335 537 1411 excepta
554 1348 711 1411 superque
727 1327 833 1412 ipsum
849 1327 1013 1408 collocata3
1030 1341 1097 1392 tam
1113 1329 1183 1414 plu-

153 1422 242 1487 ribus
262 1418 457 1485 sermonibus
476 1421 570 1486 modo
593 1420 800 1485 familiaritate
822 1420 951 1486 iuvenili
967 1421 1051 1487 Nero
1069 1431 1101 1486 ct
1117 1446 1184 1488 rur-

154 1537 209 1582 sus
233 1514 402 1590 adductus‚
430 1514 521 1598 quasi
544 1514 625 1578 seria
647 1515 852 1593 consociaret,
880 1523 978 1580 tracto
999 1515 1032 1580 in
1054 1516 1183 1603 longum

154 1611 315 1687 convictu,
342 1609 541 1695 prosequitur
562 1608 743 1688 abeuntem,
770 1611 866 1677 artius
889 1611 988 1676 oculis
1010 1621 1042 1676 et
1063 1612 1183 1698 pectori

153 1705 302 1780 haerens,
326 1703 392 1768 sive
415 1703 569 1787 explenda
591 1703 801 1782 simulatione,
825 1727 882 1770 seu
902 1706 1057 1791 periturae
1074 1706 1182 1769 matris

154 1819 320 1884 supremus
339 1806 485 1882 aspectus
503 1798 647 1880 quamvis
665 1798 767 1863 ferum
785 1798 925 1863 animum
942 1797 1104 1864 retinebat

146 1933 150 1938 -
218 1891 350 1956 Noctem
377 1889 530 1956 sideribus
557 1891 708 1956 illustrem
735 1901 766 1955 et
791 1891 914 1976 placido
940 1893 1019 1956 mari
1044 1892 1216 1974 quietamo

153 1986 247 2069 quasi
264 1983 512 2049 convincendum
529 1985 570 2048 ad
588 1984 691 2050 scelus
709 1985 752 2048 dii
769 1984 955 2070 praebuere;
973 2006 1032 2048 nec
1050 1985 1183 2048 multum

151 2089 222 2144 erat
234 2099 401 2166 pmgressa
413 2079 512 2156 navis,
531 2078 655 2144 duobus
674 2101 691 2142 e
709 2100 839 2143 numero
852 2077 1052 2142 familiarium
1065 2076 1183 2163 Agrip-

153 2174 261 2258 pinam
280 2171 509 2249 comitantibus,
529 2194 570 2236 ex
586 2172 657 2255 quis
677 2170 864 2257 Crepereius
880 2168 992 2236 Gallus
1010 2170 1095 2236 haud
1112 2192 1183 2255 pro·

154 2267 206 2332 cul
223 2264 443 2354 gubernaculis
461 2265 597 2344 astabat,
621 2265 795 2331 Acerronia
812 2287 907 2351 super
927 2265 1024 2350 pedes
1043 2264 1183 2330 cubitan-

154 2362 195 2426 tis
209 2360 333 2425 reclinis
346 2359 568 2445 paenitentiam
581 2359 637 2424 filii
655 2369 686 2424 et
702 2369 916 2446 recuperatam
929 2360 1037 2424 matris
1050 2357 1182 2445 gratiam

154 2478 212 2540 per
232 2454 384 2541 gaudium
410 2453 617 2531 memorabat,
644 2475 716 2518 cum
738 2454 812 2518 dato
839 2454 929 2540 signo
951 2475 1040 2518 ruere
1067 2457 1183 2517 tectum'

156 2549 231 2614 thob
244 2547 344 2614 multo
357 2547 486 2633 plumbo
499 2569 610 2634 grave3
628 2569 819 2633 pressusque
833 2545 1019 2634 Crepereius
1034 2555 1065 2612 et
1078 2545 1183 2611 statim

155 2643 351 2708 exanimatus
370 2650 427 2706 est.
450 2641 628 2729 Agrippina
645 2653 676 2707 et
693 2641 867 2709 Acerronia
884 2642 1093 2708 eminentibus
1110 2641 1183 2706 lecti

154 2737 326 2824 parietibus
349 2758 386 2800 ac
411 2734 491 2800 forte
517 2735 719 2802 validioribus
747 2760 842 2822 quam
864 2751 899 2802 ut
925 2737 1015 2802 oneri
1037 2737 1183 2802 cederent

154 2840 313 2917 protectae
331 2839 418 2909 sunt;
437 2853 495 2894 nec
512 2830 676 2895 dissolutio
694 2832 813 2916 navigii
830 2830 1032 2915 sequebatur,
1051 2818 1182 2895 turbatis

156 2923 303 2990 omnibus
326 2933 358 2988 et
375 2923 460 3007 quod
476 2923 617 3010 plerique
639 2925 741 3010 ignari
758 2926 852 2988 etiam
870 2924 1012 2988 conscios
1033 2922 1184 3006 impedie-

155 3019 240 3084 bant
267 3019 371 3084 visum
390 3017 502 3082 dehinc
518 3018 690 3104 remigibus
707 3041 806 3082 unum
822 3018 855 3081 in
872 3017 954 3081 latus
973 3015 1120 3080 inclinare
1137 3025 1185 3079 at·
1250 3095 1251 3100 ἵ

154 3135 216 3196 que
233 3113 279 3178 ita
295 3135 409 3177 navem
431 3112 648 3200 submergere3
671 3113 727 3176 sed
748 3133 850 3194 neque
871 3110 950 3196 ipsis
971 3118 1135 3195 promptus
1152 3108 1185 3171 in

154 3229 221 3272 rem
240 3205 377 3271 subitam
395 3228 583 3284 consensus,
606 3217 638 3270 et
655 3205 708 3270 alii
725 3214 834 3270 eontra
851 3204 984 3268 nitentes
1006 3201 1120 3266 dedere
1137 3200 1185 3265 fa-

155 3301 304 3365 cultatem
321 3300 447 3365 lenioris
464 3301 499 3364 in
515 3323 600 3365 mare
618 3299 728 3364 iaetus.
750 3321 860 3364 verum
877 3295 1060 3373 Acerronia,
1078 3295 1185 3381 inpru-

154 3395 263 3460 dentia
280 3394 355 3458 dum
374 3417 408 3458 se
425 3394 635 3480 Agrippinam
653 3415 723 3460 esse
740 3403 842 3478 ,utque
860 3390 1077 3458 subveniretur
1093 3388 1185 3454 matri

154 3487 307 3574 principis
328 3487 481 3564 clamitat,
504 3488 604 3553 contis
626 3497 658 3552 et
678 3488 773 3553 remis
792 3496 824 3553 et
840 3508 921 3571 quae
942 3486 1008 3552 fors
1031 3483 1186 3552 obtulerat

155 3581 321 3647 navalibus
338 3582 409 3646 telis
430 3581 600 3646 conficitur.
627 3583 807 3670 Agrippina
827 3582 936 3658 silens,
959 3601 1059 3664 eoque
1080 3578 1184 3643 minus

156 3676 274 3762 agata,
287 3699 387 3740 unum
399 3685 506 3740 tamen
517 3675 630 3740 vrilnus
644 3675 775 3742 humero
789 3675 925 3760 excepit:
943 3674 1058 3747 nando,
1072 3669 1185 3734 deinde

156 3793 292 3836 occursu
303 3769 542 3834 lenunculomm
549 3769 725 3833 Lucrinum
737 3770 771 3832 in
783 3769 888 3832 lacum
901 3776 991 3830 vecta
1002 3763 1095 3827 villae
1109 3779 1185 3824 suae

157 3865 300 3929 infertur.

222 3958 293 4023 Illic
310 3967 460 4044 reputans
477 3958 549 4024 ideo
567 3979 602 4023 se
619 3955 785 4021 fallacibus
802 3952 912 4017 litteris
930 3949 1062 4014 accitam
1079 3957 1112 4010 et
1128 3945 1184 4010 bo-
1202 3965 1217 4012 e

157 4075 234 4118 nore
252 4054 422 4139 praecipuo
443 4051 598 4127 habitam,
620 4049 767 4133 quodque
788 4047 863 4110 litus
880 4044 981 4118 iuxta,
1003 4063 1067 4106 non
1083 4038 1185 4104 ventis

157 4156 243 4225 acta,
265 4170 331 4212 non
348 4146 433 4212 saxis
450 4145 575 4231 inpulsa
592 4142 683 4207 navis
701 4161 824 4204 summa
842 4137 890 4202 sui
907 4145 994 4222 parte
1011 4134 1109 4200 veluti
1126 4143 1185 4198 ter·

214 4265 286 4308 Taciti
296 4267 337 4306 rat.
348 4262 366 4305 l·
976 4245 1013 4301 17
